2248 3136
513 251 597 299 399

440 292 482 328 ad
511 302 680 329 virtutem
708 293 859 330 incitare
889 303 1104 341 coeperunt,
1146 302 1209 330 aut
1236 288 1284 323 'A

439 342 479 379 in
507 344 697 391 Templis,
724 354 785 380 aut
806 344 914 380 etiam
943 343 1003 379 sub
1024 343 1105 383 dio,
1132 342 1207 378 san-

440 392 595 430 &iffimo
639 394 709 430 hoc
750 407 892 431 munere
937 393 1207 444 fungebantur.

441 442 529 480 Inde
568 444 617 480 eis
653 444 808 482 inditum
846 447 1113 480 Praedicatorum
1149 457 1206 479 co-

439 504 698 544 gnomentum;
727 509 810 545 gens
831 496 927 532 enim
948 495 1125 531 insuetum
1148 507 1205 530 ze—

438 547 542 588 lum,
592 544 629 581 &
674 559 802 581 novum
858 558 964 594 paene
1010 545 1202 592 frequentis

436 596 707 644 praedicationis
761 596 997 644 spestaculum
1050 595 1203 633 mirata,

436 646 602 695 singulari
646 648 712 682 hoc
749 647 860 681 titulo
899 645 1026 693 dignos
1063 644 1199 680 eosdem

436 697 588 733 censuit.
619 697 739 732 Socios
764 696 883 744 paullo
911 694 982 741 post
1010 693 1077 730 sese
1099 696 1199 730 Prae-

434 747 650 783 dicatoribus
692 746 729 782 in
773 745 984 781 sanfitiffimo
1027 743 1198 792 ejusmodi

433 798 598 833 instituto
626 797 816 844 adjunxere
843 798 980 831 Fratres
1008 796 1168 832 Minores
1188 819 1198 835 ‚

432 860 473 883 ac
501 848 624 884 deinde
651 846 781 895 reliqui
810 845 1097 882 Mendicantiurn
1131 848 1197 880 Or-

430 898 557 942 dines,
599 898 650 933 ita
694 907 734 933 ut
773 897 937 946 deinceps
975 895 1117 944 publica
1153 895 1196 931 ad

432 950 607 985 Pietatem
648 949 871 984 hortamenta
916 947 1051 994 Populo
1091 945 1195 982 Chri-

431 999 541 1034 ssiano
584 1012 762 1047 nunquam
807 997 983 1033 defuerint
1008 1023 1019 1033 .
1070 996 1195 1032 Gloria

429 1058 549 1085 tamen
595 1049 797 1085 restauratae
841 1047 976 1096 plenius
1020 1046 1194 1090 Pietatis,

429 1100 524 1148 quod
553 1099 599 1136 est
625 1100 666 1135 ad
695 1102 997 1135 §aeramentorum
1032 1096 1193 1145 frequen-

427 1151 540 1193 tiam,
579 1149 619 1185 ad
658 1149 877 1186 Christianae
916 1148 1096 1184 dossrinae
1133 1161 1192 1182 ex·

429 1200 662 1249 plicationem
685 1225 696 1240 ‚
748 1201 790 1235 ad
840 1198 1035 1235 uberiorem
1078 1197 1194 1233 divini

426 1251 526 1287 verbi
567 1249 887 1298 praedicationem,
925 1258 1030 1296 atque
1067 1248 1109 1283 ad
1146 1247 1193 1282 sa—

429 1303 567 1338 lubrem
605 1301 845 1336 educationem
885 1311 1092 1346 puerorum,
1129 1297 1192 1333 tri-

429 1351 565 1389 buenda
595 1350 641 1386 est
671 1351 795 1386 Seculo
826 1348 1092 1386 Sextodecimo,
1120 1361 1191 1393 quo

428 1402 468 1440 &
495 1401 561 1438 alii
597 1400 715 1438 Sancti
744 1400 845 1443 Viri,
882 1399 1021 1447 aliaque
1058 1397 1190 1434 summe

426 1455 486 1503 pia
514 1451 674 1489 instituta
691 1476 703 1492 ,
729 1451 830 1487 illam
859 1449 1027 1485 induxere
1055 1462 1189 1484 morum

425 1503 696 1551 temperantiam
715 1529 725 1546 ‚
752 1502 798 1536 ob
835 1513 940 1549 quam
967 1512 1053 1535 aevo
1078 1499 1187 1535 etiam

425 1554 540 1591 nostro
575 1551 823 1601 gratulandum
866 1550 1085 1598 summopere
1123 1548 1188 1586 est.

834 233 1523 293 ANTIQUJT.MED11
1561 234 1746 276 AEVJ

1240 737 1267 771 B

1943 247 2031 286 400

1324 290 1435 327 Vitiis
1472 290 1509 328 ἃ
1548 292 1697 337 peccatis
1734 303 1778 327 ne
1815 304 1878 327 nos
1912 294 2080 339 quidem,

1321 341 1453 387 fateor,
1480 355 1655 379 caremus:
1685 343 1865 391 ecquando
1893 356 1987 378 enim
2014 342 2081 378 mi-

1321 392 1389 429 sera
1418 394 1601 429 hominum
1623 404 1714 429 creta
1743 393 1836 430 hisce
1855 394 1990 434 caruit.
2019 400 2080 428 aut

1318 443 1364 478 est
1391 443 1564 479 caritura?
1604 446 1733 480 vesum
1773 455 1971 491 comparata
1998 456 2078 480 cum

1320 493 1507 530 barbaricis
1548 505 1705 542 tempora
1742 495 1879 534 nostra,
1917 495 1970 529 uti
2007 495 2078 529 ele-

1317 545 1436 591 gantia
1463 547 1495 579 ὅ(
1523 547 1743 585 eruditione,
1782 547 1833 581 ita
1860 545 1897 582 &
1926 544 2076 580 honestis

1316 594 1451 641 piisque
1479 597 1633 630 moribus
1662 597 1827 643 praestare
1863 597 1936 632 illis
1954 623 1963 639 ,
2002 608 2075 631 cae-

1315 656 1373 679 cus
1401 644 1464 687 fit,
1501 644 1656 680 morosus
1694 646 1758 689 fit,
1796 646 1834 683 &
1873 659 1992 694 parum
2021 659 2076 682 ae·

1314 693 1458 740 quitatis
1494 702 1656 733 amator,
1690 696 1754 741 qui
1792 709 1862 731 non
1900 695 2074 733 fateatur.

1283 745 1286 757 ⁸
1315 744 1543 778 invaluerunt
1570 742 1676 778 etiam
1704 744 1775 792 post
1800 747 1958 781 Seculum
1979 749 2077 781 Duo-

1312 793 1485 828 decimum
1514 795 1691 839 Ecstaticae
1728 797 1901 838 mulieres,
1937 809 1957 830 e
1993 796 2072 841 qui-

1313 843 1373 878 bus
1401 842 1533 879 tametsi
1560 843 1699 891 aliquot
1740 845 1797 894 pie
1826 845 1915 881 credi
1941 846 2072 893 poffmt

1311 892 1627 937 supranaturalibus
1651 895 1752 930 donis
1781 895 1991 940 illustratae,
2018 906 2071 933 at·

1311 957 1378 989 que
1406 944 1447 979 ad
1475 957 1597 980 arcana
1626 945 1781 981 caelestia
1808 946 1983 983 dixinitus
2011 947 2070 982 ad-

1309 994 1431 1030 duE’cae
1449 1021 1459 1037 ,
1497 993 1580 1043 justa
1608 1004 1725 1031 tamen
1753 996 1931 1032 dubitatio
1973 997 2070 1037 fuit,

1308 1057 1350 1080 ne
1377 1045 1534 1092 reliquae
1561 1058 1661 1080 unam
1690 1045 1884 1082 ferventem
1917 1047 2068 1083 Phanta-

1308 1094 1411 1139 fiam,
1439 1094 1654 1143 imaginibus
1681 1097 1827 1132 Pietatis
1847 1109 1886 1132 ac
1908 1096 2068 1145 Religio-

1306 1148 1357 1180 nis
1385 1146 1662 1187 redundantem,
1701 1147 1894 1196 magistram
1932 1147 1970 1182 in
1998 1147 2066 1183 suis

1307 1196 1595 1231 Revelationibus
1644 1196 1830 1233 habuerint
1854 1223 1864 1232 .
1913 1197 2065 1233 Proinde

1305 1247 1476 1282 laudanda
1507 1246 1637 1292 pariter
1673 1247 1718 1281 est
1754 1246 1906 1295 rigidior
1933 1246 2065 1282 nostro-

1304 1309 1379 1331 rum
1408 1296 1540 1339 dierum
1570 1296 1777 1343 disciplina,
1813 1309 1903 1343 quae
1941 1298 2063 1332 oculos

1303 1345 1479 1381 studiosius
1506 1347 1544 1380 in
1572 1345 1631 1380 ista
1658 1346 1840 1382 intendens
1858 1371 1869 1386 ,
1906 1359 1976 1382 non
2006 1360 2064 1394 pa-

1303 1396 1393 1432 titur
1420 1408 1510 1431 nova
1539 1395 1676 1441 prodire
1704 1397 1923 1445 Evangelia;
1952 1405 2012 1432 aut
2039 1396 2069 1432 ἦ

1302 1447 1442 1494 quando
1470 1446 1669 1494 prodeunt,
1695 1459 1735 1482 ea
1763 1445 1972 1495 proscribit;
2001 1455 2063 1483 aut

1301 1497 1421 1533 saltem
1450 1495 1634 1532 confilium
1653 1509 1774 1533 eorum
1790 1521 1800 1536 ‚
1828 1497 1890 1544 qui
1917 1496 2001 1532 haec
2022 1497 2059 1532 in

1299 1560 1447 1585 examen
1457 1547 1633 1584 adducunt
1642 1570 1654 1589 ‚
1669 1547 1772 1595 aequi
1785 1547 1940 1593 bonique
1952 1546 2038 1583 facit
2049 1571 2058 1583 .
