2248 3136
434 247 518 297 487

758 249 1172 306 ANTIQUJT.
1215 249 1448 289 MEDI!
1485 250 1672 290 AEVI

1871 249 1958 305 488

372 304 539 351 leguntur
579 305 613 340 in
651 305 812 354 vigilia,
855 305 1004 353 primam
1047 305 1136 353 legit
1176 306 1207 339 A
1253 303 1290 340 ἃ
1332 305 1498 354 Magister
1539 306 1773 351 Scholarum,
1811 308 1874 356 qui
1912 307 2018 345 habet

369 354 545 392 Notarius
573 355 662 402 jussu
684 356 881 392 Primicerii
913 355 987 399 sui,
1017 355 1134 391 secun-

369 404 447 440 dam
490 406 728 443 Subdiaconus
759 431 768 447 ‚
805 407 904 455 cujus
943 406 1134 454 septimana

371 454 433 491 est.
467 457 512 490 Et
532 457 672 504 quando
692 457 805 506 prima
834 457 962 494 Leeffio
984 458 1135 506 legitur,

369 506 557 552 Presbyter
592 507 695 554 ipsius
735 507 906 544 Ecclesiae
950 508 1010 543 dat
1057 507 1135 543 thu-

369 556 524 593 ribulum
553 558 732 594 accensum
765 557 961 597 Pontifici,
1001 559 1034 592 &
1064 557 1134 602 ipse

369 606 457 644 facit
485 606 663 644 incensum
693 609 790 655 supra
819 609 967 647 Altare.
995 607 1033 644 &
1056 617 1134 642 ante

367 659 496 696 Altare
513 685 522 694 .
555 660 691 695 Deinde
719 658 849 694 Levita
866 685 877 701 ,
904 658 1002 706 cujus
1032 657 1135 693 vicis-

367 707 481 743 situdo
509 708 553 744 est
571 736 579 750 ,
613 708 699 744 facit
726 709 818 744 circa
847 709 972 745 Altare
1000 707 1036 743 &
1067 707 1129 742 cir·

368 771 409 793 ea
436 759 617 794 Chorum.
655 758 830 794 Similiter
865 758 973 794 etiam
1017 757 1058 793 fit
1094 757 1136 794 dc

367 809 480 846 altero
509 809 694 845 thuribulo
722 822 800 844 cum
830 807 973 845 incenso
998 809 1017 844 a
1048 810 1134 844 Pon-

366 858 487 898 tifice,
514 860 547 894 ἃ
576 860 649 907 ejus
672 859 838 895 ministris
862 860 899 895 in
927 859 1001 908 ipsa
1028 859 1133 895 hora.

366 909 488 945 Simili
525 910 634 947 etiam
676 911 784 946 modo
826 909 867 946 fit
907 910 945 946 in
989 909 1134 945 secunda

365 960 542 998 LeRione
572 962 613 997 de
642 960 834 997 thuribulis
871 961 905 996 δι
944 959 1086 996 incenso
1115 961 1133 995 ὲ

367 1011 545 1047 Pontifice
572 1011 611 1047 c&
638 1012 712 1059 ejus
741 1010 931 1046 ministris.
961 1012 1001 1045 In
1032 1009 1130 1058 Vigi-

366 1061 417 1097 lia
446 1062 562 1097 Sanffi
592 1061 800 1105 Laurentii,
835 1060 949 1101 finitis
988 1060 1132 1097 Leain-

365 1113 469 1149 nibus
512 1112 550 1148 &
595 1111 806 1158 Antiphona
850 1124 929 1147 cum
973 1111 1133 1151 Psalmo,

365 1161 665 1211 Archiepiscopus
703 1175 781 1198 cum
821 1171 900 1198 toto
937 1163 1044 1198 Clero
1075 1175 1130 1198 va-

365 1212 421 1248 dit
458 1212 499 1248 ad
542 1212 731 1249 Ecclesiam
771 1213 889 1249 Sanffi
930 1212 1130 1262 Eustorgii‚

366 1265 524 1299 Cantato
555 1263 787 1312 Responsorio
814 1263 927 1299 intrat
955 1264 991 1298 in
1015 1265 1130 1299 Cano-

364 1314 482 1350 nicam
511 1314 615 1362 ipsius
645 1314 840 1356 Ecclesiae,
876 1315 910 1349 ὃ(
949 1314 993 1348 ibi
1022 1313 1131 1349 hono-

365 1364 465 1401 rifice
493 1365 625 1413 accipit
653 1375 774 1413 potum
804 1377 880 1400 cum
913 1373 992 1400 toto
1019 1363 1131 1401 Clero

363 1416 478 1451 tribus
507 1417 640 1451 vicibus
667 1416 787 1451 datum
817 1417 834 1450 ὲ
857 1415 1051 1451 Canonicis
1079 1416 1116 1462 ip

363 1465 428 1501 sius
457 1466 648 1503 Ecclesiae.
678 1468 718 1502 In
744 1466 880 1514 Vigilia
902 1465 1017 1501 SanEH
1050 1467 1130 1501 Pro-

361 1517 462 1559 tasii,
498 1517 535 1553 ἃ
574 1517 691 1552 53ηὲὶί
728 1517 899 1561 Nazarii,
937 1517 970 1552 δι
1011 1516 1128 1553 Sanffi

362 1567 483 1610 Petri,
512 1568 544 1602 &
568 1567 685 1603 Sanffi
715 1567 921 1611 Laurentii,
950 1571 979 1600 &
1003 1567 1040 1601 in
1062 1569 1129 1602 Or-

362 1617 547 1653 dinatione
585 1617 704 1653 sanai
742 1616 920 1653 Ambrosii
962 1617 1129 1665 Magister

362 1668 568 1704 scholarum
599 1668 877 1703 Ebdomadarius
906 1666 992 1703 facit
1021 1670 1127 1704 Leta-
1166 1666 1199 1699 D

360 1719 436 1756 nias
464 1733 541 1754 eum
572 1729 724 1766 quatuor
766 1719 884 1755 Pueris
913 1728 994 1755 ante
1024 1719 1127 1754 Alta-

359 1783 418 1813 re,
447 1769 504 1804 ubi
537 1769 671 1804 Festum
701 1770 922 1805 celebratur.
953 1771 993 1803 In
1024 1769 1119 1817 vigi

358 1819 408 1855 lia
437 1819 643 1855 Sanfflorum
685 1818 856 1864 Protafii‚
892 1817 930 1854 &
971 1822 1110 1855 Lauren

355 1870 426 1914 tii,
454 1871 489 1905 &
530 1869 645 1906 Sanfib
678 1868 855 1905 Ambrosii
894 1868 1125 1904 ordinatione

355 1921 426 1957 duo
456 1921 607 1956 minores
632 1919 873 1956 Cicendelarii
897 1920 1024 1955 debent
1047 1932 1121 1967 por*

355 1979 428 2008 tare
457 1972 636 2007 thuribula
675 1971 717 2006 de
760 1970 866 2006 Pestis
904 1969 941 2005 in
973 1972 1123 2006 Secreta-

354 2022 411 2059 rio
439 2023 624 2068 Hyemalis
656 2020 853 2057 Ecclesiae.
895 2020 934 2057 In
974 2021 1118 2056 Ordina-

355 2073 455 2109 tione
483 2073 599 2108 Sansti
634 2071 833 2116 Ambrosii,
862 2075 891 2106 ἐι
919 2071 1037 2107 sanai
1063 2073 1121 2106 Pe-

1174 762 1200 796 B

355 2123 402 2160 tri
421 2151 431 2165 ,
459 2125 491 2159 8<
523 2123 728 2159 saneiorum
761 2122 906 2159 Nazarii
935 2120 968 2156 ἃ
1002 2121 1093 2157 Celsi
1112 2150 1122 2165 ,
1164 2117 1192 2150 Ε

355 2177 386 2208 δι
416 2174 534 2210 sanai
564 2174 773 2217 Laurentii,
812 2175 845 2208 &
884 2171 1002 2208 Sanffi
1031 2172 1120 2207 Sim-

355 2224 527 2270 pliciani,
554 2226 588 2260 δ(
619 2223 845 2270 Depositione
884 2222 1003 2258 sanffl
1035 2225 1116 2257 Am>

355 2274 486 2318 brosii,
523 2279 553 2309 &
595 2274 713 2310 Sanfi’ti
756 2272 953 2320 Stephani,
996 2271 1120 2308 sonato

354 2324 451 2373 signo
488 2325 650 2361 Pontifex
689 2324 847 2360 induitur
885 2322 986 2360 sacris
1021 2323 1113 2358 vesti·

355 2377 418 2411 bus
445 2376 538 2423 quasi
577 2376 617 2412 ad
656 2375 797 2412 M¹ffam
837 2374 1025 2409 canendam
1047 2401 1057 2417 ,
1083 2376 1117 2409 8<

354 2439 475 2462 omnes
504 2426 655 2462 Diaconi
695 2425 935 2467 Dalmatica,
970 2426 1004 2459 8<
1045 2438 1117 2460 om-

354 2489 414 2512 nes
443 2473 652 2513 Subdiaconi
683 2477 814 2518 Albis,
852 2474 888 2511 ἃ
921 2475 1114 2521 Presbyteri

355 2526 589 2567 cardinales,
629 2529 663 2563 δε
694 2526 915 2562 primicerius
947 2527 1113 2561 Decuma-

355 2591 510 2626 norum,
550 2577 589 2617 &
634 2577 856 2615 Primicerius
895 2575 1148 2621 Leelorum,i

1250 355 1502 399 ebdomadam,
1539 355 1577 393 &
1618 358 1703 398 ille,
1741 360 1803 406 qui-
1845 358 1910 395 fert
1946 360 2018 395 Te-

1251 415 1350 442 xtum
1381 407 1678 457 Evangeliorum,
1717 407 1753 444 &
1796 409 1856 455 qui
1897 418 2015 456 portat

1250 455 1404 493 Crucem
1434 471 1592 503 auream,
1630 458 1667 496 &
1698 458 1863 495 scuticam
1893 459 2014 497 Sanai

1251 507 1453 552 Ambrosii,
1480 522 1599 545 omnes
1628 511 1739 545 induri
1772 510 2011 547 Pluvialibus.

1249 558 1351 593 Tunc
1394 568 1546 607 quatuor
1596 561 1834 597 Cicendelarii
1884 561 2022 597 debent2

1248 608 1428 645 thuribula
1470 610 1686 650 accendere,
1728 612 1761 646 8<
1804 612 2012 648 candelabra

1249 671 1449 706 praeparare
1490 668 1620 702 tanta,
1671 670 1758 707 quot
1800 662 2012 699 subdiaconi

1248 707 1377 743 fuerint
1406 707 1523 743 induti
1554 708 1678 748 Albis,
1707 711 1740 744 &
1769 711 1851 746 dare
1879 713 1916 746 in
1941 725 2014 748 ma-

1247 760 1346 792 nibus
1367 770 1508 793 eorum.
1537 759 1599 793 Sed
1622 758 1797 795 sciendum
1822 760 1890 803 est,
1914 762 2013 809 quod

1246 808 1361 843 minor
1391 808 1579 844 LeE'torum
1609 808 1742 858 semper
1770 813 1905 846 tamum
1935 825 2013 859 por-

1247 867 1299 893 tat
1325 860 1483 895 Texrum
1513 861 1786 909 Evangeliorum
1825 862 1862 897 in
1891 862 2012 899 Sancii

1249 908 1423 945 Ambrosii
1466 911 1695 946 ordinatione
1739 910 1775 948 ἃ
1817 912 2014 961 Depositio-

1246 972 1314 999 ne,
1350 960 1382 995 &
1422 961 1459 995 in
1498 961 1616 996 Saneh
1657 963 1864 1006 Laurentii,
1906 962 2012 1000 &in

1248 1010 1361 1046 Sanfih
1392 1010 1558 1060 Stephani
1588 1013 1727 1060 palam,
1755 1015 1787 1048 8<
1809 1014 1920 1054 alter,
1947 1013 2012 1062 qui

1246 1059 1424 1107 sequitur.
1456 1072 1572 1110 portat
1603 1063 1778 1099 Librum.
1819 1068 1857 1099 ln
1886 1064 2012 1100 ceteris

1246 1114 1327 1146 verb
1359 1112 1644 1152 Festivitatibus.
1675 1113 1712 1149 in
1740 1109 1867 1162 quibus
1898 1116 2014 1160 palam

1245 1171 1404 1209 portatur
1449 1164 1586 1199 Textus
1631 1166 1857 1212 Evangelii,
1899 1165 2013 1213 major

1243 1212 1366 1248 Custos
1394 1212 1478 1248 0810
1509 1213 1685 1248 minorum
1729 1215 1865 1262 semper
1894 1223 2013 1262 portat

1243 1263 1422 1305 Textum,
1465 1262 1501 1298 ἃ
1545 1265 1666 1303 alter,
1707 1264 1768 1311 qui
1814 1266 2010 1311 sequitur,

1244 1322 1360 1359 portat
1389 1312 1539 1349 Librum
1561 1337 1569 1351 ‚
1607 1325 1741 1361 praeter
1777 1315 1800 1350 si
1840 1315 2012 1363 praediciti

1243 1362 1378 1398 faciunt
1406 1362 1660 1403 ebdomadam,
1688 1366 1719 1399 ἃ
1750 1365 1812 1401 alii
1832 1392 1842 1407 ,

1242 1422 1422 1461 quuntur,
1450 1412 1586 1449 faciunt
1623 1414 1730 1450 istud.
1770 1417 1900 1451 Iterum
1940 1416 2011 1453 duo

1243 1467 1389 1499 minores
1418 1463 1585 1500 Custodes
1616 1465 1748 1514 semper
1785 1467 1822 1502 in
1861 1467 1914 1502 his
1949 1470 2013 1503 Fe-

1242 1514 1455 1551 stivitatibus
1490 1515 1675 1563 praedi&is
1708 1526 1849 1564 portant
1887 1517 2009 1553 Miffa-

1241 1566 1308 1600 lem
1334 1590 1345 1605 ‚
1387 1566 1419 1601 &
1464 1566 1674 1614 Epistolam‚
1711 1576 1860 1613 excepto
1897 1566 1919 1601 si
1959 1566 2010 1603 fa-

1241 1619 1337 1651 ciunt
1362 1616 1613 1651 ebdomadam.
1638 1618 1741 1651 Tunc
1765 1617 1916 1664 reliqui,
1943 1616 2010 1665 qui

1240 1666 1457 1712 sequuntur,
1497 1664 1630 1702 faciunt
1666 1667 1783 1702 eadem
1807 1694 1815 1702 .
1854 1669 1899 1702 Et
1936 1669 2009 1704 duo

1239 1715 1407 1751 Custodes
1436 1714 1685 1752 Observatores
1713 1717 1795 1752 0610
1824 1718 2008 1752 Minorum

1243 1766 1372 1801 vadunt
1400 1774 1480 1801 ante
1511 1766 1719 1802 Pontificem
1749 1779 1825 1802 cum
1855 1765 2007 1815 flagellis

1239 1816 1475 1864 praeparando
1515 1816 1630 1853 viam.
1664 1817 1727 1852 Sed
1756 1816 1778 1851 si
1808 1818 2004 1864 acciderit,

1239 1867 1332 1912 quod
1377 1866 1446 1901 duo
1489 1867 1636 1914 majores
1681 1867 1764 1903 οδὶο
1819 1866 2006 1905 Minorum

1238 1917 1368 1952 fuerint
1406 1916 1682 1962 Observatores‚
1721 1918 1814 1959 alii.
1853 1918 1912 1965 qui
1956 1918 2006 1956 se-

1237 1976 1417 2014 quuntur,
1456 1967 1591 2004 faciunt
1632 1968 1696 2004 hoc
1725 1967 1895 2004 Officium
1925 1979 2008 2006 ante
2054 2009 2058 2011 λ

1241 2017 1449 2053 Pontificem
1475 2045 1485 2061 ,
1523 2018 1605 2066 quia
1642 2019 1701 2055 illi
1739 2019 1886 2067 majores
1927 2033 2006 2067 por-

1236 2077 1314 2104 tant
1342 2070 1501 2103 Textum
1534 2069 1740 2118 Evangelii.
1772 2069 1807 2106 ὅ(
1834 2071 2005 2108 Librum.

1236 2119 1363 2154 Schola
1392 2122 1476 2155 verb
1505 2120 1622 2156 Samsti
1652 2119 1827 2156 Ambrosii
1869 2135 2004 2170 praece-

1235 2171 1288 2205 dit
1312 2182 1391 2206 cum
1416 2171 1531 2206 Cruce
1554 2181 1734 2220 argentea.
1767 2171 1902 2208 Deinde
1921 2173 2003 2208 Cle-

1235 2234 1291 2256 rus
1335 2222 1511 2256 minorum
1563 2223 1846 2268 presbyterorum
1890 2221 2002 2269 sequi-

1235 2281 1327 2315 tur,
1369 2270 1521 2307 ostiario
1569 2272 1801 2309 observatore
1842 2281 2001 2320 portante

1235 2325 1386 2358 Crucem
1427 2332 1508 2358 ante
1550 2323 1795 2360 primicerium
1834 2325 2000 2357 Decuma-

1234 2386 1358 2408 norum
1389 2402 1399 2418 ,
1445 2387 1486 2409 ex
1535 2387 1603 2421 qua
1647 2375 1756 2423 postea
1799 2373 2000 2409 accenditur

1234 2423 1358 2469 pharus
1377 2451 1386 2460 .
1419 2424 1496 2460 Post
1525 2423 1618 2460 hunc
1649 2425 1802 2472 sequitur
1829 2423 1998 2459 Primice-

1233 2474 1305 2509 rius
1336 2475 1565 2510 Notariorum
1609 2488 1683 2510 cum
1722 2473 1817 2516 suis,
1855 2475 1884 2510 ὅ(
1917 2487 1997 2511 cum

1237 2533 1387 2569 quatuor
1415 2525 1595 2574 Magistris
1631 2524 1850 2560 scholarum.
1888 2525 1997 2561 Dein-

1239 2575 1280 2612 de
1307 2575 1521 2612 subdiaconi
1550 2587 1630 2611 cum
1665 2574 1855 2612 thuribulis
1882 2578 1913 2611 &
1944 2589 2000 2613 ee-

1875 2639 1943 2665 tels

1870 1366 1930 1414 qui
1961 1366 2011 1402 se·
2063 1395 2068 1399 .
