2248 3136
395 223 477 267 231
716 210 762 255 'A
774 216 817 255 N
831 215 871 252 Τ
884 214 963 269 152

327 314 497 361 Caesare,
525 322 612 368 quid
637 322 680 357 de
708 324 888 371 Augusto,
916 324 1093 359 Romano-

328 377 404 404 rum
450 372 719 419 Imperator-ibus
755 373 974 422 disputetur,
1010 372 1093 408 satis

329 430 460 457 norunt
503 422 667 460 Eruditi.
709 425 799 460 Belli
839 437 980 472 quoque
1018 425 1092 470 jura

328 472 538 509 attendenda
566 474 644 510 sunt
671 474 709 510 in
746 475 917 523 ejusmodi
948 487 1092 510 concer-

327 523 554 574 rationibus3
596 538 710 573 neque
747 527 844 561 enim
884 525 1090 571 tyrannicae

327 571 562 622 impotentiae
597 576 709 611 statim
747 577 955 611 Florentium
982 574 1088 609 arces-

326 621 401 663 sas,
427 627 521 674 quod
553 627 713 662 Pisanum
743 627 917 671 Populum
943 625 1086 662 liberta-

323 681 360 708 te
389 674 596 724 spoliarint,
634 686 695 712 aut
734 678 961 718 Vicecomites,
991 675 1087 721 quod

325 725 520 766 Ticinum,
559 726 712 774 aliasque
741 727 851 762 Urbes
888 725 950 761 suo
977 725 1086 774 impe-

324 777 380 814 rio
409 777 628 821 addiderint,
654 786 695 812 ut
722 777 792 812 alia
822 776 986 812 omittam
1012 789 1085 811 om-

324 828 425 863 nium
454 837 654 876 temporum
680 826 876 863 consimilia
904 828 1085 874 exempla.

322 879 405 916 Alii
455 882 538 915 vero
582 877 860 914 dominationem
911 877 1086 914 Civitatis

322 929 472 978 alicujus
518 930 676 966 inierunt
718 927 886 964 laudabili
929 928 1011 969 via,
1053 932 1084 962 &

322 981 467 1028 praevio
492 981 702 1027 Populorum
722 978 910 1015 consensu:
935 978 989 1014 sed
1013 977 1084 1013 sen-

323 1030 380 1065 sim
423 1031 461 1066 in
503 1030 724 1076 tyrannidem
769 1029 802 1065 se
843 1028 958 1076 abripi
1002 1027 1085 1077 paffi

320 1081 425 1125 sunt,
466 1080 514 1116 sui
551 1081 690 1116 tamum
728 1092 846 1115 amore
878 1079 1084 1124 obcaecati,

322 1136 352 1166 δι
382 1131 488 1168 nimia
516 1131 683 1180 regnandi
709 1130 904 1178 cupiditate
928 1129 1084 1177 abrepti.

372 1186 603 1218 Guattherium
632 1186 830 1216 Athenarum
858 1185 977 1215 Ducem
1011 1183 1082 1215 An-

320 1246 370 1269 no
407 1234 669 1269 Mcccxmt.
708 1231 829 1279 sponte
864 1231 927 1266 {ibi
960 1230 1082 1266 Domi-

321 1296 405 1320 num
450 1283 640 1318 statuerunt
683 1281 908 1330 Florentini3
946 1290 982 1316 at
1021 1281 1084 1316 ille

317 1333 488 1383 potestate
528 1332 668 1381 accept&
711 1333 807 1367 brevi
850 1330 1000 1366 abusus.
1042 1334 1083 1367 εὸ

317 1384 512 1434 progressus
553 1383 619 1421 est,
663 1391 701 1418 ut
742 1381 914 1417 seditione
957 1382 1082 1428 Populi

318 1439 354 1470 in
398 1435 429 1470 se
472 1434 649 1469 concitata
691 1434 752 1470 vix
802 1432 970 1480 postrema
1012 1431 1082 1468 fata

317 1485 489 1527 evadens,
517 1483 674 1519 beneficii
701 1485 782 1517 Ioco
812 1486 1001 1527 acceperit,
1031 1482 1081 1516 so-

313 1537 388 1572 lum
416 1544 549 1570 vertere
575 1532 686 1578 poffe.
716 1534 841 1577 Neque
864 1544 905 1566 ex
937 1530 1078 1566 istorum

317 1587 400 1622 albo
424 1584 634 1621 eximendus
664 1582 802 1618 videtur
829 1580 988 1616 Bet-nabas
1024 1583 1080 1616 Vi-

312 1649 470 1675 cecomes,
497 1647 600 1684 quem
631 1632 815 1669 saevissimi
849 1644 958 1666 mores
986 1631 1075 1667 invi-

313 1687 388 1723 sum
437 1687 573 1733 Populo
614 1681 868 1719 Mediolanensi
913 1681 1078 1725 «ἥκετε,

315 1751 355 1774 ac
393 1745 574 1785 propterea
611 1747 629 1769 a
658 1742 784 1782 nepote
819 1731 991 1778 dejeci-am
1019 1743 1074 1765 ne-

311 1801 368 1823 mo
413 1787 537 1835 probus
573 1783 710 1820 doluit.
751 1783 850 1819 Paria
889 1781 996 1828 passus
1032 1781 1077 1816 est

312 1851 331 1874 a
360 1835 632 1872 forlivienfibus
668 1838 785 1868 Ceshus
815 1836 855 1867 de
890 1834 1076 1877 Ordelfffis.

312 1889 478 1934 Denique
508 1888 680 1922 numerati
709 1885 808 1927 sunt,
845 1885 906 1930 qui
942 1883 1074 1918 violen-

309 1939 355 1975 tis
384 1951 424 1974 ac
463 1936 635 1985 improbis
672 1936 806 1971 artibus
836 1934 1075 1980 principatum

310 1989 424 2038 primo
466 1985 702 2035 conquisiere,
758 1994 833 2020 tum
875 1984 911 2019 in
957 1983 1075 2031 pejora

307 2039 390 2086 lapsi
430 2039 569 2075 miseros
606 2037 716 2073 Cives
755 2034 988 2072 crudeliffime
1018 2034 1076 2069 ha-

312 2092 483 2132 buerunt,
512 2098 617 2136 atque
646 2087 808 2123 omnium
838 2099 901 2121 ore
937 2087 1075 2131 Tyran—

306 2139 344 2175 ni
374 2139 451 2175 sunt
479 2139 669 2186 appellati:
699 2139 819 2186 quales
847 2145 941 2172 certe
970 2148 1075 2169 nemo

304 2202 376 2226 non
415 2191 569 2237 appellet
610 2192 800 2223 Eecellinum
836 2190 874 2222 de
916 2190 1075 2224 Romano,

304 2240 446 2277 Patavii
489 2242 721 2284 Tyrannum,
762 2238 962 2272 Benediaum
1003 2240 1067 2270 Mo>

301 2290 475 2337 naldesssum
515 2290 554 2325 in
605 2290 830 2324 Urbevetana
881 2285 1073 2329 Civitate,

292 2339 443 2389 jacobum
480 2343 517 2375 de
556 2342 701 2384 Anpiano
741 2338 850 2379 Pifis‚
886 2335 1073 2370 Gabrinmn

298 2394 477 2428 Fondumm
500 2393 720 2434 Cremonae,
744 2394 894 2424 ottonem
928 2391 964 2421 de
990 2391 1071 2421 Ter-

296 2444 360 2478 tiis
389 2443 553 2483 Parmae,
583 2445 758 2488 ‘Iohannem
797 2443 835 2474 de
864 2441 978 2478 Oleqio
1007 2440 1071 2473 Bo-

293 2493 444 2531 noniae.
490 2494 687 2526 Boi-catinum
722 2495 919 2526 Guzzonnrn
961 2491 1069 2523 Anxi-

292 2545 365 2581 mi.
404 2542 576 2589 Reliquos
612 2541 769 2579 Historia
797 2538 1075 2590 suppeditabit.

980 213 1114 254 UIT.
1157 214 1382 255 MEDII
1419 217 1597 256 AEVI

332 264 410 304 bata
439 269 483 305 cst
510 283 631 307 eorum
658 269 771 307 ditio.
808 271 904 318 Quid
932 276 973 306 de
1000 270 1096 314 Julio
1135 271 1169 305 A
1215 272 1304 307 Nam

1118 1621 1151 1654 D

1155 1672 1162 2013 i

1120 2070 1160 2135 El

1829 232 1850 260 2
1890 233 1909 262 2

1343 272 1436 320 quod
1471 272 1638 308 nonnulli
1674 286 1717 310 ex
1748 234 1969 323 Princi3pibun

1210 320 1320 358 securi
1341 323 1512 358 interdum
1535 324 1568 358 δι
1595 326 1784 360 carceribus
1807 325 1854 361 usi
1880 326 1969 368 sint,

1210 381 1271 408 aut
1304 374 1450 410 ,tributis
1485 373 1650 422 gravibus
1680 375 1853 422 Populum
1886 377 1970 414 fati-

1209 422 1346 471 garint,
1372 437 1436 461 nee
1461 429 1508 460 ob
1536 437 1611 460 eam
1649 424 1790 472 quidem
1818 428 1968 465 caussam

1209 474 1423 511 inferendum
1457 480 1633 512 ,continuo
1665 475 1715 512 cst
1750 476 1798 513 eis
1825 479 1966 523 Tyran-

1207 524 1299 561 nidis
1327 527 1510 573 probrum.
1548 526 1695 563 Faciunt
1722 527 1789 563 hoc
1817 528 1850 563 δι
1879 527 1968 577 legi-

1205 576 1287 610 timi
1329 579 1464 624 Reges,
1505 578 1539 610 &
1578 577 1842 614 considerandae
1884 578 1965 615 sunt

1204 625 1378 660 bellorum
1421 625 1657 669 neceffitates‚
1701 631 1811 665 tutela
1854 629 1964 666 Urbis

1203 687 1241 709 ac
1270 675 1430 722 imperii,
1457 674 1495 711 a&
1520 675 1735 714 difficillima
1758 678 1962 725 praesertim

1202 733 1381 770 tempora,
1408 727 1534 773 quibus
1559 726 1665 761 licere
1689 729 1848 775 possunt,
1872 741 1962 777 quae

1201 775 1238 811 in
1274 775 1405 812 summa
1432 776 1552 827 quiete
1589 790 1628 812 ac
1665 790 1748 825 pace
1779 779 1963 826 Reipubli-

1201 839 1283 870 cae,
1324 826 1471 863 minime
1507 828 1677 865 licerent.
1714 830 1835 873 Neque
1872 831 1966 874 quies

1194 880 1344 920 gentium
1369 879 1441 924 fine
1475 882 1600 918 armis;
1636 893 1737 925 neque
1772 892 1865 914 arma
1890 881 1962 925 sine

1189 928 1385 973 stipendiis,·
1413 942 1512 973 neque
1532 932 1698 976 stipendia
1732 931 1796 970 fine
1825 929 1965 965 tributis

1196 976 1312 1012 ,haberi
1349 990 1489 1021 queunt.-
1528 980 1642 1026 ajebat
1684 981 1833 1016 Tacitus
1875 981 1961 1017 Lib.

1200 1029 1262 1064 lV.
1300 1029 1432 1064 Histor.
1466 1028 1558 1075 Cap.
1593 1041 1645 1076 74
1685 1031 1844 1065 Vitlenti
1882 1029 1962 1065 sane

1196 1080 1310 1113 morbi
1341 1089 1423 1114 runc
1454 1080 1614 1122 Italiam,
1643 1079 1678 1115 ἃ
1709 1079 1855 1128 singulas
1880 1092 1959 1127 pae-

1196 1141 1240 1164 ne
1268 1128 1384 1165 Urbes
1411 1130 1631 1164 lacerabant;
1663 1131 1747 1176 quid
1775 1143 1859 1178 ergo
1887 1128 1958 1165 for-

1195 1178 1247 1214 tia
1274 1179 1526 1215 medicamenta
1576 1192 1616 1214 ac
1644 1180 1777 1215 insueta
1805 1179 1959 1215 remedie

1196 1230 1404 1278 culpemus;
1446 1229 1468 1264 fi
1512 1230 1594 1265 haec
1635 1229 1705 1277 ipsa
1751 1231 1957 1277 plerumque

1193 1280 1404 1327 exposcebat
1440 1292 1619 1328 aegrorum
1659 1279 1747 1315 salus
1784 1282 1813 1314 δι
1846 1277 1956 1315 cura?

1193 1330 1300 1374 Quod
1346 1330 1593 1364 tantummodo
1639 1328 1880 1364 exsecratione
1921 1342 1958 1364 e-

1194 1380 1282 1414 tiam
1328 1379 1437 1414 nostia
1475 1378 1623 1428 dignum
1667 1379 1739 1419 (ἢ,
1784 1378 1956 1427 inquietis

1191 1430 1470 1474 turbulentisque
1520 1430 1735 1476 temporibus
1777 1430 1853 1465 illis
1884 1441 1955 1465 non

1191 1493 1269 1514 raro
1311 1479 1366 1514 visi
1406 1479 1485 1513 sunt
1521 1479 1616 1514 inter
1654 1479 1853 1527 PrincipeS,
1890 1479 1954 1525 qui

1191 1528 1318 1564 incensi
1362 1529 1555 1564 detestanda
1606 1529 1800 1574 cupiditate
1853 1528 1954 1577 regni

1160 1606 1161 1609 η
1192 1579 1352 1628 sanguine
1380 1589 1531 1628 cognato
1563 1578 1635 1614 suas
1665 1579 1848 1615 foedarunt
1879 1592 1954 1614 ma-

1159 1643 1278 1669 ynus:
1325 1643 1414 1675 quae
1453 1631 1614 1677 exempla
1658 1630 1873 1666 crudelitatis
1916 1631 1953 1665 &

1190 1679 1394 1713 ambitionis
1433 1680 1557 1713 dedere
1599 1679 1789 1727 scaligeri,
1827 1681 1955 1715 Carra-

1190 1727 1337 1768 denses,
1365 1730 1574 1777 Gonzagae‚
1605 1730 1813 1771 Polentani,
1840 1731 1953 1765 Mala·-

1189 1778 1314 1821 testae,
1351 1779 1484 1826 aliique
1520 1779 1596 1814 aevi
1626 1780 1744 1815 illius.
1783 1779 1839 1814 Ad
1868 1779 1952 1816 haec

1190 1838 1273 1864 tunc
1301 1842 1431 1864 venena
1460 1830 1571 1863 multo
1600 1831 1635 1863 in
1665 1829 1724 1863 usu
1753 1829 1852 1865 fuisse
1880 1843 1952 1866 cre-

1188 1880 1337 1921 duntur,
1367 1879 1416 1914 ita
1444 1891 1484 1914 ut
1513 1881 1650 1914 Petrum
1686 1880 1831 1914 Paulum
1863 1882 1951 1915 Ver-

1189 1930 1321 1977 gerium
1360 1929 1566 1965 scribentem
1606 1929 1777 1971 viderim,
1820 1943 1949 1978 paucos

1191 1981 1392 2024 ‘Principum
1433 1981 1499 2015 suis
1541 1981 1758 2028 temporibus
1795 1993 1814 2014 e
1855 1980 1950 2016 vivis

1187 2031 1358 2066 exceffiffe
1384 2030 1451 2065 sine
1475 2029 1668 2078 suspicione
1694 2029 1869 2076 propinati
1892 2043 1950 2065 ve-

1188 2082 1288 2117 neni.
1317 2084 1364 2116 Et
1390 2080 1549 2129 profes-sto
1574 2081 1736 2127 exempla
1759 2079 1949 2117 detestandi

1187 2131 1352 2167 facinoris
1380 2144 1449 2166 non
1487 2130 1633 2176 desunr;
1667 2143 1780 2178 neque
1814 2130 1860 2166 iis
1888 2143 1947 2166 an-

1186 2183 1337 2220 teriora,
1365 2191 1427 2217 aut
1454 2181 1641 2229 posteriora
1671 2183 1794 2217 Secula
1829 2193 1947 2215 carue-

1186 2246 1247 2268 re.
1289 2235 1343 2268 Ut
1380 2242 1495 2268 cetera
1534 2235 1725 2271 omittam,
1766 2230 1944 2266 neminem

1185 2283 1299 2332 fugit,
1338 2282 1522 2318 invaluisse
1560 2293 1758 2320 rumorem.
1800 2280 1944 2316 ineunte

1185 2334 1309 2370 Seculo
1352 2335 1448 2367 XIV.
1487 2330 1680 2367 Henricum
1708 2332 1791 2365 V11.
1823 2334 1945 2379 Augu·

1183 2385 1267 2419 stum
1306 2383 1343 2417 in
1380 2380 1515 2419 Senensi
1542 2394 1625 2428 agro
1660 2394 1680 2416 e
1709 2380 1798 2416 vivis
1831 2381 1943 2418 subla-

1185 2445 1257 2469 tum
1295 2432 1395 2468 fuisse
1433 2445 1587 2471 veneno,
1623 2431 1655 2467 ei
1692 2434 1726 2467 in
1765 2431 1837 2479 ipsa
1874 2435 1945 2469 Eu-

1185 2482 1341 2520 charistia
1369 2482 1545 2531 praebito.
1575 2485 1680 2518 Fama
1705 2495 1846 2529 quoque
1871 2497 1945 2530 per-

1183 2534 1344 2574 crebuit,
1395 2534 1572 2580 inclytum
1611 2534 1647 2569 8<
1692 2532 1940 2572 sanaiffimum

1784 2597 1899 2622 Vllum
