<?xml version="1.0" encoding="UTF-8"?>
<!DOCTYPE html PUBLIC "-//W3C//DTD XHTML 1.0 Transitional//EN"
    "http://www.w3.org/TR/xhtml1/DTD/xhtml1-transitional.dtd">
<html xmlns="http://www.w3.org/1999/xhtml" xml:lang="en" lang="en">
 <head>
  <title>
</title>
<meta http-equiv="Content-Type" content="text/html;charset=utf-8" />
  <meta name='ocr-system' content='tesseract 3.04.00' />
  <meta name='ocr-capabilities' content='ocr_page ocr_carea ocr_par ocr_line ocrx_word'/>
</head>
<body>
  <div class='ocr_page' id='page_1' title='image "antiquitatesital11mura_0039.png"; bbox 0 0 2248 3136; ppageno 0'>
   <div class='ocr_carea' id='block_1_1' title="bbox 174 218 1035 2571">
    <p class='ocr_par' dir='ltr' id='par_1_1' title="bbox 174 218 1035 2571">
     <span class='ocr_line' id='line_1_1' title="bbox 195 218 1035 317; baseline -0.007 -8"><span class='ocrx_word' id='word_1_1' title='bbox 195 218 350 309; x_wconf 66' lang='lat' dir='ltr'>iram69&amp;</span> <span class='ocrx_word' id='word_1_2' title='bbox 378 277 528 315; x_wconf 70' lang='lat' dir='ltr'>pugnam</span> <span class='ocrx_word' id='word_1_3' title='bbox 565 266 631 302; x_wconf 76' lang='lat' dir='ltr'>effe</span> <span class='ocrx_word' id='word_1_4' title='bbox 658 266 818 302; x_wconf 61' lang='lat' dir='ltr'>adversus</span> <span class='ocrx_word' id='word_1_5' title='bbox 845 263 951 310; x_wconf 88' lang='lat' dir='ltr'>suos,</span> <span class='ocrx_word' id='word_1_6' title='bbox 980 269 1035 317; x_wconf 29' lang='lat' dir='ltr'>1A4</span> 
     </span>
     <span class='ocr_line' id='line_1_2' title="bbox 193 315 951 366; baseline -0.007 -9"><span class='ocrx_word' id='word_1_7' title='bbox 193 321 261 357; x_wconf 75' lang='lat' dir='ltr'>hoc</span> <span class='ocrx_word' id='word_1_8' title='bbox 287 317 332 353; x_wconf 86' lang='lat' dir='ltr'>est</span> <span class='ocrx_word' id='word_1_9' title='bbox 356 317 506 366; x_wconf 72' lang='lat' dir='ltr'>ejusdem</span> <span class='ocrx_word' id='word_1_10' title='bbox 533 317 706 353; x_wconf 79' lang='lat' dir='ltr'>Civitatis</span> <span class='ocrx_word' id='word_1_11' title='bbox 734 315 850 361; x_wconf 78' lang='lat' dir='ltr'>filios,</span> <span class='ocrx_word' id='word_1_12' title='bbox 874 316 951 352; x_wconf 79' lang='lat' dir='ltr'>fibi-</span> 
     </span>
     <span class='ocr_line' id='line_1_3' title="bbox 191 365 951 417; baseline -0.004 -12"><span class='ocrx_word' id='word_1_13' title='bbox 191 382 261 417; x_wconf 84' lang='lat' dir='ltr'>que</span> <span class='ocrx_word' id='word_1_14' title='bbox 288 380 358 404; x_wconf 84' lang='lat' dir='ltr'>non</span> <span class='ocrx_word' id='word_1_15' title='bbox 386 371 463 404; x_wconf 68' lang='grc' dir='ltr'>τετὸ</span> <span class='ocrx_word' id='word_1_16' title='bbox 490 367 634 403; x_wconf 82' lang='lat' dir='ltr'>vinculo</span> <span class='ocrx_word' id='word_1_17' title='bbox 657 365 841 402; x_wconf 78' lang='lat' dir='ltr'>affinitatis</span> <span class='ocrx_word' id='word_1_18' title='bbox 869 380 951 403; x_wconf 91' lang='lat' dir='ltr'>con-</span> 
     </span>
     <span class='ocr_line' id='line_1_4' title="bbox 187 417 950 470; baseline -0.003 -15"><span class='ocrx_word' id='word_1_19' title='bbox 187 419 349 470; x_wconf 64' lang='grc' dir='ltr'>ᾗυηδὶοε.</span> <span class='ocrx_word' id='word_1_20' title='bbox 372 420 516 455; x_wconf 84' lang='lat' dir='ltr'>Stellam</span> <span class='ocrx_word' id='word_1_21' title='bbox 539 417 743 464; x_wconf 87' lang='lat' dir='ltr'>loquentem</span> <span class='ocrx_word' id='word_1_22' title='bbox 771 417 950 454; x_wconf 75' lang='lat' dir='ltr'>audiamus</span> 
     </span>
     <span class='ocr_line' id='line_1_5' title="bbox 186 469 948 518; baseline -0.001 -12"><span class='ocrx_word' id='word_1_23' title='bbox 186 470 232 506; x_wconf 77' lang='lat' dir='ltr'>ad</span> <span class='ocrx_word' id='word_1_24' title='bbox 255 474 398 506; x_wconf 88' lang='lat' dir='ltr'>Annum</span> <span class='ocrx_word' id='word_1_25' title='bbox 427 469 705 504; x_wconf 83' lang='lat' dir='ltr'>MCCCXCIV.</span> <span class='ocrx_word' id='word_1_26' title='bbox 733 481 811 518; x_wconf 81' lang='lat' dir='ltr'>pag.</span> <span class='ocrx_word' id='word_1_27' title='bbox 842 480 948 516; x_wconf 86' lang='lat'>1143.</span> 
     </span>
     <span class='ocr_line' id='line_1_6' title="bbox 189 519 950 558; baseline -0.003 0"><span class='ocrx_word' id='word_1_28' title='bbox 189 521 302 558; x_wconf 87' lang='lat' dir='ltr'>Tomi</span> <span class='ocrx_word' id='word_1_29' title='bbox 332 521 447 555; x_wconf 85' lang='lat' dir='ltr'>XVII.</span> <span class='ocrx_word' id='word_1_30' title='bbox 475 521 554 555; x_wconf 86' lang='lat' dir='ltr'>Rer.</span> <span class='ocrx_word' id='word_1_31' title='bbox 582 519 809 556; x_wconf 81' lang='lat' dir='ltr'>Italicarum:</span> <span class='ocrx_word' id='word_1_32' title='bbox 838 521 874 554; x_wconf 81' lang='lat' dir='ltr'>Si</span> <span class='ocrx_word' id='word_1_33' title='bbox 901 534 950 556; x_wconf 82' lang='lat' dir='ltr'>re-</span> 
     </span>
     <span class='ocr_line' id='line_1_7' title="bbox 183 568 950 618; baseline -0.003 -10"><span class='ocrx_word' id='word_1_34' title='bbox 183 573 342 618; x_wconf 76' lang='lat' dir='ltr'>probandi</span> <span class='ocrx_word' id='word_1_35' title='bbox 375 569 448 615; x_wconf 68' lang='lat' dir='ltr'>fiant</span> <span class='ocrx_word' id='word_1_36' title='bbox 477 568 650 618; x_wconf 72' lang='lat' dir='ltr'>januenses</span> <span class='ocrx_word' id='word_1_37' title='bbox 662 594 674 611; x_wconf 93' lang='lat'>,</span> <span class='ocrx_word' id='word_1_38' title='bbox 700 573 779 617; x_wconf 82' lang='lat' dir='ltr'>quia</span> <span class='ocrx_word' id='word_1_39' title='bbox 813 581 882 606; x_wconf 86' lang='lat' dir='ltr'>tam</span> <span class='ocrx_word' id='word_1_40' title='bbox 912 574 950 606; x_wconf 83' lang='lat' dir='ltr'>de</span> 
     </span>
     <span class='ocr_line' id='line_1_8' title="bbox 179 620 949 671; baseline -0.001 -14"><span class='ocrx_word' id='word_1_41' title='bbox 179 623 283 671; x_wconf 75' lang='lat' dir='ltr'>ficili</span> <span class='ocrx_word' id='word_1_42' title='bbox 318 620 452 666; x_wconf 71' lang='lat' dir='ltr'>surgunt</span> <span class='ocrx_word' id='word_1_43' title='bbox 489 624 534 656; x_wconf 81' lang='lat' dir='ltr'>ad</span> <span class='ocrx_word' id='word_1_44' title='bbox 557 634 674 660; x_wconf 82' lang='lat' dir='ltr'>arma;</span> <span class='ocrx_word' id='word_1_45' title='bbox 701 635 807 658; x_wconf 79' lang='lat' dir='ltr'>eorum</span> <span class='ocrx_word' id='word_1_46' title='bbox 843 632 949 657; x_wconf 76' lang='lat' dir='ltr'>tamen</span> 
     </span>
     <span class='ocr_line' id='line_1_9' title="bbox 188 670 951 720; baseline 0 -12"><span class='ocrx_word' id='word_1_47' title='bbox 188 674 232 720; x_wconf 79' lang='lat' dir='ltr'>est</span> <span class='ocrx_word' id='word_1_48' title='bbox 268 670 481 716; x_wconf 73' lang='lat' dir='ltr'><em>exprobratio</em></span> <span class='ocrx_word' id='word_1_49' title='bbox 517 673 724 717; x_wconf 77' lang='lat' dir='ltr'>mitiganda,</span> <span class='ocrx_word' id='word_1_50' title='bbox 765 686 859 719; x_wconf 84' lang='lat' dir='ltr'>quum</span> <span class='ocrx_word' id='word_1_51' title='bbox 900 676 951 708; x_wconf 75' lang='lat' dir='ltr'>his</span> 
     </span>
     <span class='ocr_line' id='line_1_10' title="bbox 189 723 1016 771; baseline 0.001 -12"><span class='ocrx_word' id='word_1_52' title='bbox 189 725 383 769; x_wconf 80' lang='lat' dir='ltr'>temporibus</span> <span class='ocrx_word' id='word_1_53' title='bbox 409 723 487 757; x_wconf 79' lang='grc' dir='ltr'>νανὺ</span> <span class='ocrx_word' id='word_1_54' title='bbox 513 736 672 759; x_wconf 81' lang='lat' dir='ltr'>armorum</span> <span class='ocrx_word' id='word_1_55' title='bbox 688 725 830 771; x_wconf 79' lang='lat' dir='ltr'>strepitu</span> <span class='ocrx_word' id='word_1_56' title='bbox 847 723 951 771; x_wconf 57' lang='lat' dir='ltr'>stelas</span> <span class='ocrx_word' id='word_1_57' title='bbox 976 726 1016 764; x_wconf 68' lang='lat' dir='ltr'>{B</span> 
     </span>
     <span class='ocr_line' id='line_1_11' title="bbox 192 773 950 822; baseline -0.003 -12"><span class='ocrx_word' id='word_1_58' title='bbox 192 776 327 810; x_wconf 81' lang='lat' dir='ltr'>eveniat</span> <span class='ocrx_word' id='word_1_59' title='bbox 346 777 381 810; x_wconf 86' lang='lat' dir='ltr'>in</span> <span class='ocrx_word' id='word_1_60' title='bbox 401 773 466 819; x_wconf 75' lang='lat' dir='ltr'>ipsa</span> <span class='ocrx_word' id='word_1_61' title='bbox 486 777 592 809; x_wconf 81' lang='lat' dir='ltr'>Urbe.</span> <span class='ocrx_word' id='word_1_62' title='bbox 611 773 734 822; x_wconf 71' lang='lat' dir='ltr'>Abfiant</span> <span class='ocrx_word' id='word_1_63' title='bbox 754 776 838 810; x_wconf 83' lang='lat' dir='ltr'>enim</span> <span class='ocrx_word' id='word_1_64' title='bbox 853 784 950 818; x_wconf 81' lang='lat' dir='ltr'>prae-</span> 
     </span>
     <span class='ocr_line' id='line_1_12' title="bbox 188 823 950 870; baseline -0.003 -10"><span class='ocrx_word' id='word_1_65' title='bbox 188 827 273 870; x_wconf 73' lang='lat' dir='ltr'>dae,</span> <span class='ocrx_word' id='word_1_66' title='bbox 300 826 493 868; x_wconf 77' lang='lat' dir='ltr'>homicidia,</span> <span class='ocrx_word' id='word_1_67' title='bbox 519 823 566 863; x_wconf 76' lang='lat'>&amp;⁹</span> <span class='ocrx_word' id='word_1_68' title='bbox 597 827 785 869; x_wconf 81' lang='lat' dir='ltr'>adulteria,</span> <span class='ocrx_word' id='word_1_69' title='bbox 821 826 950 870; x_wconf 62' lang='lat' dir='ltr'>aliaque</span> 
     </span>
     <span class='ocr_line' id='line_1_13' title="bbox 189 875 949 924; baseline -0.003 -13"><span class='ocrx_word' id='word_1_70' title='bbox 189 876 340 924; x_wconf 78' lang='lat' dir='ltr'>nefhria.</span> <span class='ocrx_word' id='word_1_71' title='bbox 368 875 480 921; x_wconf 81' lang='lat' dir='ltr'>Sedfi</span> <span class='ocrx_word' id='word_1_72' title='bbox 503 888 565 919; x_wconf 82' lang='lat' dir='ltr'>qua</span> <span class='ocrx_word' id='word_1_73' title='bbox 591 877 626 910; x_wconf 88' lang='lat' dir='ltr'>in</span> <span class='ocrx_word' id='word_1_74' title='bbox 662 877 756 921; x_wconf 79' lang='lat' dir='ltr'>ipsius</span> <span class='ocrx_word' id='word_1_75' title='bbox 782 877 949 910; x_wconf 68' lang='lat' dir='ltr'>Civitatis</span> 
     </span>
     <span class='ocr_line' id='line_1_14' title="bbox 188 925 950 974; baseline -0.003 -12"><span class='ocrx_word' id='word_1_76' title='bbox 188 930 251 962; x_wconf 78' lang='lat' dir='ltr'>loco</span> <span class='ocrx_word' id='word_1_77' title='bbox 275 925 456 974; x_wconf 67' lang='lat' dir='ltr'>interfec‘Jio</span> <span class='ocrx_word' id='word_1_78' title='bbox 479 927 619 967; x_wconf 81' lang='lat' dir='ltr'>accidit,</span> <span class='ocrx_word' id='word_1_79' title='bbox 630 927 703 973; x_wconf 77' lang='lat' dir='ltr'>five</span> <span class='ocrx_word' id='word_1_80' title='bbox 725 929 871 972; x_wconf 80' lang='lat' dir='ltr'>praeda,</span> <span class='ocrx_word' id='word_1_81' title='bbox 891 930 950 961; x_wconf 80' lang='lat' dir='ltr'>lme</span> 
     </span>
     <span class='ocr_line' id='line_1_15' title="bbox 188 976 949 1020; baseline 0 -8"><span class='ocrx_word' id='word_1_82' title='bbox 188 979 288 1018; x_wconf 78' lang='grc' dir='ltr'><em>νανὸ,</em></span> <span class='ocrx_word' id='word_1_83' title='bbox 315 976 351 1011; x_wconf 71' lang='lat'>&amp;³</span> <span class='ocrx_word' id='word_1_84' title='bbox 377 987 488 1012; x_wconf 78' lang='lat' dir='ltr'>contra</span> <span class='ocrx_word' id='word_1_85' title='bbox 516 979 613 1011; x_wconf 73' lang='lat' dir='ltr'>valde</span> <span class='ocrx_word' id='word_1_86' title='bbox 635 987 749 1020; x_wconf 82' lang='lat' dir='ltr'>paucos</span> <span class='ocrx_word' id='word_1_87' title='bbox 775 979 949 1013; x_wconf 69' lang='lat' dir='ltr'>eveniunt.</span> 
     </span>
     <span class='ocr_line' id='line_1_16' title="bbox 191 1025 948 1063; baseline -0.001 0"><span class='ocrx_word' id='word_1_88' title='bbox 191 1027 257 1063; x_wconf 79' lang='lat' dir='ltr'>Sed</span> <span class='ocrx_word' id='word_1_89' title='bbox 284 1027 372 1063; x_wconf 86' lang='lat' dir='ltr'>alios</span> <span class='ocrx_word' id='word_1_90' title='bbox 399 1025 512 1062; x_wconf 86' lang='lat' dir='ltr'>acrior</span> <span class='ocrx_word' id='word_1_91' title='bbox 538 1025 649 1062; x_wconf 80' lang='lat' dir='ltr'>rabies</span> <span class='ocrx_word' id='word_1_92' title='bbox 677 1027 852 1063; x_wconf 83' lang='lat' dir='ltr'>armabat.</span> <span class='ocrx_word' id='word_1_93' title='bbox 877 1029 948 1062; x_wconf 90' lang='lat' dir='ltr'>Ae-</span> 
     </span>
     <span class='ocr_line' id='line_1_17' title="bbox 187 1076 948 1123; baseline 0 -11"><span class='ocrx_word' id='word_1_94' title='bbox 187 1077 295 1113; x_wconf 82' lang='lat' dir='ltr'>mulis</span> <span class='ocrx_word' id='word_1_95' title='bbox 322 1090 340 1113; x_wconf 88' lang='lat' dir='ltr'>e</span> <span class='ocrx_word' id='word_1_96' title='bbox 367 1077 438 1112; x_wconf 89' lang='lat' dir='ltr'>lare</span> <span class='ocrx_word' id='word_1_97' title='bbox 466 1085 609 1123; x_wconf 76' lang='lat' dir='ltr'>paterno</span> <span class='ocrx_word' id='word_1_98' title='bbox 636 1076 853 1116; x_wconf 84' lang='lat' dir='ltr'>eliminatis,</span> <span class='ocrx_word' id='word_1_99' title='bbox 881 1076 948 1112; x_wconf 88' lang='lat' dir='ltr'>sae-</span> 
     </span>
     <span class='ocr_line' id='line_1_18' title="bbox 186 1126 947 1170; baseline 0.003 -9"><span class='ocrx_word' id='word_1_100' title='bbox 186 1126 329 1163; x_wconf 82' lang='lat' dir='ltr'>viebant</span> <span class='ocrx_word' id='word_1_101' title='bbox 366 1126 404 1162; x_wconf 90' lang='lat' dir='ltr'>in</span> <span class='ocrx_word' id='word_1_102' title='bbox 442 1139 562 1162; x_wconf 89' lang='lat' dir='ltr'>eorum</span> <span class='ocrx_word' id='word_1_103' title='bbox 603 1127 760 1170; x_wconf 85' lang='lat' dir='ltr'>Palatia,</span> <span class='ocrx_word' id='word_1_104' title='bbox 789 1129 947 1168; x_wconf 82' lang='lat' dir='ltr'>Turres,</span> 
     </span>
     <span class='ocr_line' id='line_1_19' title="bbox 186 1176 948 1220; baseline 0 -6"><span class='ocrx_word' id='word_1_105' title='bbox 186 1190 226 1214; x_wconf 79' lang='lat' dir='ltr'>ac</span> <span class='ocrx_word' id='word_1_106' title='bbox 250 1177 348 1214; x_wconf 87' lang='lat' dir='ltr'>aedes</span> <span class='ocrx_word' id='word_1_107' title='bbox 364 1203 374 1220; x_wconf 88' lang='lat'><strong>‚</strong></span> <span class='ocrx_word' id='word_1_108' title='bbox 397 1189 452 1213; x_wconf 84' lang='lat' dir='ltr'>eas</span> <span class='ocrx_word' id='word_1_109' title='bbox 477 1176 646 1213; x_wconf 82' lang='lat' dir='ltr'>nimirum</span> <span class='ocrx_word' id='word_1_110' title='bbox 672 1177 830 1214; x_wconf 83' lang='lat' dir='ltr'>funditus</span> <span class='ocrx_word' id='word_1_111' title='bbox 854 1191 948 1214; x_wconf 85' lang='lat' dir='ltr'>ever—</span> 
     </span>
     <span class='ocr_line' id='line_1_20' title="bbox 186 1227 946 1276; baseline 0.001 -13"><span class='ocrx_word' id='word_1_112' title='bbox 186 1235 325 1264; x_wconf 78' lang='lat' dir='ltr'>tentes:</span> <span class='ocrx_word' id='word_1_113' title='bbox 349 1240 437 1275; x_wconf 85' lang='lat' dir='ltr'>quae</span> <span class='ocrx_word' id='word_1_114' title='bbox 457 1227 710 1264; x_wconf 79' lang='lat' dir='ltr'>dementiffima</span> <span class='ocrx_word' id='word_1_115' title='bbox 736 1228 787 1264; x_wconf 88' lang='lat' dir='ltr'>ira</span> <span class='ocrx_word' id='word_1_116' title='bbox 809 1229 946 1276; x_wconf 81' lang='lat' dir='ltr'>aliquot</span> 
     </span>
     <span class='ocr_line' id='line_1_21' title="bbox 186 1275 945 1314; baseline 0 0"><span class='ocrx_word' id='word_1_117' title='bbox 186 1277 394 1314; x_wconf 86' lang='lat' dir='ltr'>Civitatum</span> <span class='ocrx_word' id='word_1_118' title='bbox 431 1275 556 1311; x_wconf 83' lang='lat' dir='ltr'>faciem</span> <span class='ocrx_word' id='word_1_119' title='bbox 593 1278 741 1313; x_wconf 90' lang='lat' dir='ltr'>omnino</span> <span class='ocrx_word' id='word_1_120' title='bbox 778 1278 945 1314; x_wconf 86' lang='lat' dir='ltr'>deforma-</span> 
     </span>
     <span class='ocr_line' id='line_1_22' title="bbox 185 1325 946 1372; baseline 0.004 -11"><span class='ocrx_word' id='word_1_121' title='bbox 185 1328 261 1363; x_wconf 88' lang='lat' dir='ltr'>vit.</span> <span class='ocrx_word' id='word_1_122' title='bbox 282 1326 320 1363; x_wconf 86' lang='lat' dir='ltr'>Id</span> <span class='ocrx_word' id='word_1_123' title='bbox 351 1325 551 1372; x_wconf 76' lang='lat' dir='ltr'>praesertim</span> <span class='ocrx_word' id='word_1_124' title='bbox 579 1328 802 1368; x_wconf 84' lang='lat' dir='ltr'>Florentiae,</span> <span class='ocrx_word' id='word_1_125' title='bbox 831 1330 946 1364; x_wconf 87' lang='lat' dir='ltr'>Bono-</span> 
     </span>
     <span class='ocr_line' id='line_1_23' title="bbox 184 1375 943 1419; baseline 0.003 -7"><span class='ocrx_word' id='word_1_126' title='bbox 184 1377 287 1419; x_wconf 82' lang='lat' dir='ltr'>niae,</span> <span class='ocrx_word' id='word_1_127' title='bbox 323 1375 549 1413; x_wconf 77' lang='lat' dir='ltr'>Cremonae,</span> <span class='ocrx_word' id='word_1_128' title='bbox 586 1385 625 1410; x_wconf 84' lang='lat' dir='ltr'>ut</span> <span class='ocrx_word' id='word_1_129' title='bbox 661 1387 790 1412; x_wconf 84' lang='lat' dir='ltr'>ceteras</span> <span class='ocrx_word' id='word_1_130' title='bbox 828 1378 943 1414; x_wconf 82' lang='lat' dir='ltr'>Urbes</span> 
     </span>
     <span class='ocr_line' id='line_1_24' title="bbox 182 1424 944 1466; baseline -0.001 -4"><span class='ocrx_word' id='word_1_131' title='bbox 182 1425 374 1466; x_wconf 80' lang='lat' dir='ltr'>omittam,</span> <span class='ocrx_word' id='word_1_132' title='bbox 401 1424 552 1460; x_wconf 80' lang='lat' dir='ltr'>accidit.</span> <span class='ocrx_word' id='word_1_133' title='bbox 580 1425 859 1461; x_wconf 72' lang='lat' dir='ltr'>celeberrimum</span> <span class='ocrx_word' id='word_1_134' title='bbox 889 1439 944 1461; x_wconf 89' lang='lat' dir='ltr'>ve-</span> 
     </span>
     <span class='ocr_line' id='line_1_25' title="bbox 182 1474 944 1513; baseline -0.003 0"><span class='ocrx_word' id='word_1_135' title='bbox 182 1479 223 1513; x_wconf 75' lang='lat' dir='ltr'>rb</span> <span class='ocrx_word' id='word_1_136' title='bbox 249 1476 287 1512; x_wconf 86' lang='lat' dir='ltr'>in</span> <span class='ocrx_word' id='word_1_137' title='bbox 315 1474 472 1511; x_wconf 84' lang='lat' dir='ltr'>Historia</span> <span class='ocrx_word' id='word_1_138' title='bbox 500 1474 545 1509; x_wconf 85' lang='lat' dir='ltr'>est</span> <span class='ocrx_word' id='word_1_139' title='bbox 572 1476 835 1511; x_wconf 73' lang='lat' dir='ltr'>Gibellinorum</span> <span class='ocrx_word' id='word_1_140' title='bbox 864 1477 944 1511; x_wconf 87' lang='lat' dir='ltr'>Flo-</span> 
     </span>
     <span class='ocr_line' id='line_1_26' title="bbox 183 1524 943 1574; baseline -0.001 -11"><span class='ocrx_word' id='word_1_141' title='bbox 183 1526 403 1564; x_wconf 79' lang='lat' dir='ltr'>rentium-um</span> <span class='ocrx_word' id='word_1_142' title='bbox 432 1524 637 1562; x_wconf 83' lang='lat' dir='ltr'>confilium.</span> <span class='ocrx_word' id='word_1_143' title='bbox 667 1529 803 1574; x_wconf 84' lang='lat' dir='ltr'>Nempe</span> <span class='ocrx_word' id='word_1_144' title='bbox 825 1538 943 1562; x_wconf 83' lang='lat' dir='ltr'>extor-</span> 
     </span>
     <span class='ocr_line' id='line_1_27' title="bbox 180 1576 941 1625; baseline -0.001 -11"><span class='ocrx_word' id='word_1_145' title='bbox 180 1590 233 1614; x_wconf 81' lang='lat' dir='ltr'>res</span> <span class='ocrx_word' id='word_1_146' title='bbox 260 1577 288 1613; x_wconf 90' lang='lat' dir='ltr'>ii</span> <span class='ocrx_word' id='word_1_147' title='bbox 316 1591 334 1613; x_wconf 89' lang='lat' dir='ltr'>e</span> <span class='ocrx_word' id='word_1_148' title='bbox 361 1577 497 1625; x_wconf 86' lang='lat' dir='ltr'>patria,</span> <span class='ocrx_word' id='word_1_149' title='bbox 527 1589 634 1624; x_wconf 86' lang='lat' dir='ltr'>quum</span> <span class='ocrx_word' id='word_1_150' title='bbox 663 1576 700 1612; x_wconf 91' lang='lat' dir='ltr'>in</span> <span class='ocrx_word' id='word_1_151' title='bbox 734 1576 871 1625; x_wconf 87' lang='lat' dir='ltr'>proelio</span> <span class='ocrx_word' id='word_1_152' title='bbox 898 1577 941 1613; x_wconf 84' lang='lat' dir='ltr'>ad</span> 
     </span>
     <span class='ocr_line' id='line_1_28' title="bbox 182 1627 1026 1675; baseline -0.001 -12"><span class='ocrx_word' id='word_1_153' title='bbox 182 1627 349 1664; x_wconf 84' lang='lat' dir='ltr'>Montem</span> <span class='ocrx_word' id='word_1_154' title='bbox 391 1629 561 1675; x_wconf 83' lang='lat' dir='ltr'>Apertum</span> <span class='ocrx_word' id='word_1_155' title='bbox 602 1628 709 1663; x_wconf 86' lang='lat' dir='ltr'>Anno</span> <span class='ocrx_word' id='word_1_156' title='bbox 750 1629 941 1664; x_wconf 73' lang='lat' dir='ltr'><strong>MGCLX.</strong></span> <span class='ocrx_word' id='word_1_157' title='bbox 986 1628 1026 1662; x_wconf 69' lang='lat' dir='ltr'><strong>D</strong></span> 
     </span>
     <span class='ocr_line' id='line_1_29' title="bbox 183 1677 943 1726; baseline 0 -12"><span class='ocrx_word' id='word_1_158' title='bbox 183 1678 362 1726; x_wconf 76' lang='lat' dir='ltr'>Guelphos</span> <span class='ocrx_word' id='word_1_159' title='bbox 390 1677 590 1713; x_wconf 83' lang='lat' dir='ltr'>Florentiae</span> <span class='ocrx_word' id='word_1_160' title='bbox 615 1678 837 1714; x_wconf 82' lang='lat' dir='ltr'>dominantes</span> <span class='ocrx_word' id='word_1_161' title='bbox 864 1679 943 1714; x_wconf 79' lang='lat' dir='ltr'>infi-</span> 
     </span>
     <span class='ocr_line' id='line_1_30' title="bbox 184 1727 943 1777; baseline 0.003 -15"><span class='ocrx_word' id='word_1_162' title='bbox 184 1728 245 1776; x_wconf 80' lang='lat' dir='ltr'>gni</span> <span class='ocrx_word' id='word_1_163' title='bbox 273 1727 368 1763; x_wconf 79' lang='lat' dir='ltr'>clade</span> <span class='ocrx_word' id='word_1_164' title='bbox 396 1727 630 1771; x_wconf 64' lang='lat' dir='ltr'>attrivissent,</span> <span class='ocrx_word' id='word_1_165' title='bbox 659 1727 838 1777; x_wconf 77' lang='lat' dir='ltr'>ipsamque</span> <span class='ocrx_word' id='word_1_166' title='bbox 877 1731 943 1764; x_wconf 84' lang='lat' dir='ltr'>&#39;Ur-</span> 
     </span>
     <span class='ocr_line' id='line_1_31' title="bbox 186 1776 943 1825; baseline 0.001 -12"><span class='ocrx_word' id='word_1_167' title='bbox 186 1779 287 1821; x_wconf 82' lang='lat' dir='ltr'>bem,</span> <span class='ocrx_word' id='word_1_168' title='bbox 314 1776 432 1825; x_wconf 82' lang='lat' dir='ltr'>elapfis</span> <span class='ocrx_word' id='word_1_169' title='bbox 459 1778 540 1814; x_wconf 84' lang='lat' dir='ltr'>inde</span> <span class='ocrx_word' id='word_1_170' title='bbox 568 1777 675 1825; x_wconf 85' lang='lat' dir='ltr'>partis</span> <span class='ocrx_word' id='word_1_171' title='bbox 707 1778 865 1814; x_wconf 75' lang='lat' dir='ltr'>adversae</span> <span class='ocrx_word' id='word_1_172' title='bbox 892 1793 943 1815; x_wconf 85' lang='lat' dir='ltr'>re-</span> 
     </span>
     <span class='ocr_line' id='line_1_32' title="bbox 184 1828 941 1876; baseline 0.003 -13"><span class='ocrx_word' id='word_1_173' title='bbox 184 1829 330 1875; x_wconf 80' lang='lat' dir='ltr'>liquiis,</span> <span class='ocrx_word' id='word_1_174' title='bbox 368 1828 594 1876; x_wconf 74' lang='lat' dir='ltr'>recepissent:</span> <span class='ocrx_word' id='word_1_175' title='bbox 637 1828 822 1865; x_wconf 82' lang='lat' dir='ltr'>statuerant</span> <span class='ocrx_word' id='word_1_176' title='bbox 864 1829 941 1865; x_wconf 87' lang='lat' dir='ltr'>uni-</span> 
     </span>
     <span class='ocr_line' id='line_1_33' title="bbox 181 1877 941 1923; baseline 0.001 -9"><span class='ocrx_word' id='word_1_177' title='bbox 181 1879 313 1914; x_wconf 85' lang='lat' dir='ltr'>versam</span> <span class='ocrx_word' id='word_1_178' title='bbox 361 1877 498 1914; x_wconf 83' lang='lat' dir='ltr'>Urbem</span> <span class='ocrx_word' id='word_1_179' title='bbox 515 1905 526 1923; x_wconf 94' lang='lat'>‚</span> <span class='ocrx_word' id='word_1_180' title='bbox 568 1879 722 1915; x_wconf 82' lang='lat' dir='ltr'>Patriam</span> <span class='ocrx_word' id='word_1_181' title='bbox 774 1879 941 1916; x_wconf 83' lang='lat' dir='ltr'>videlicet</span> 
     </span>
     <span class='ocr_line' id='line_1_34' title="bbox 181 1928 940 1973; baseline 0.004 -10"><span class='ocrx_word' id='word_1_182' title='bbox 181 1928 302 1973; x_wconf 85' lang='lat' dir='ltr'>suam,</span> <span class='ocrx_word' id='word_1_183' title='bbox 339 1928 520 1965; x_wconf 86' lang='lat' dir='ltr'>moenibus</span> <span class='ocrx_word' id='word_1_184' title='bbox 561 1942 713 1972; x_wconf 84' lang='lat' dir='ltr'>exuere,</span> <span class='ocrx_word' id='word_1_185' title='bbox 751 1943 790 1966; x_wconf 88' lang='lat' dir='ltr'>ac</span> <span class='ocrx_word' id='word_1_186' title='bbox 833 1929 940 1966; x_wconf 86' lang='lat' dir='ltr'>ferme</span> 
     </span>
     <span class='ocr_line' id='line_1_35' title="bbox 181 1979 938 2028; baseline 0.003 -14"><span class='ocrx_word' id='word_1_187' title='bbox 181 1979 320 2019; x_wconf 81' lang='lat' dir='ltr'>delere.</span> <span class='ocrx_word' id='word_1_188' title='bbox 348 1992 389 2015; x_wconf 88' lang='lat' dir='ltr'>ne</span> <span class='ocrx_word' id='word_1_189' title='bbox 428 1979 574 2016; x_wconf 84' lang='lat' dir='ltr'>aemulis</span> <span class='ocrx_word' id='word_1_190' title='bbox 613 1979 809 2028; x_wconf 85' lang='lat' dir='ltr'>profligatis</span> <span class='ocrx_word' id='word_1_191' title='bbox 847 1981 938 2017; x_wconf 85' lang='lat' dir='ltr'>ultra</span> 
     </span>
     <span class='ocr_line' id='line_1_36' title="bbox 182 2027 938 2079; baseline 0.004 -16"><span class='ocrx_word' id='word_1_192' title='bbox 182 2027 254 2075; x_wconf 83' lang='lat' dir='ltr'>spes</span> <span class='ocrx_word' id='word_1_193' title='bbox 282 2029 362 2065; x_wconf 82' lang='lat' dir='ltr'>effet</span> <span class='ocrx_word' id='word_1_194' title='bbox 397 2030 544 2079; x_wconf 78' lang='lat' dir='ltr'>refugii.</span> <span class='ocrx_word' id='word_1_195' title='bbox 573 2031 647 2066; x_wconf 85' lang='lat' dir='ltr'>Vix</span> <span class='ocrx_word' id='word_1_196' title='bbox 684 2031 819 2073; x_wconf 86' lang='lat' dir='ltr'>abfuit,</span> <span class='ocrx_word' id='word_1_197' title='bbox 851 2030 938 2079; x_wconf 83' lang='lat' dir='ltr'>quin</span> 
     </span>
     <span class='ocr_line' id='line_1_37' title="bbox 182 2076 1009 2117; baseline 0.007 -5"><span class='ocrx_word' id='word_1_198' title='bbox 182 2076 347 2113; x_wconf 77' lang='lat' dir='ltr'>furiosam</span> <span class='ocrx_word' id='word_1_199' title='bbox 374 2079 662 2117; x_wconf 84' lang='lat' dir='ltr'>deliberationem</span> <span class='ocrx_word' id='word_1_200' title='bbox 689 2081 831 2117; x_wconf 68' lang='lat' dir='ltr'>effefi&#39;ms</span> <span class='ocrx_word' id='word_1_201' title='bbox 857 2094 938 2117; x_wconf 89' lang='lat' dir='ltr'>con-</span> <span class='ocrx_word' id='word_1_202' title='bbox 979 2079 1009 2113; x_wconf 79' lang='grc' dir='ltr'>Ε</span> 
     </span>
     <span class='ocr_line' id='line_1_38' title="bbox 180 2121 1024 2191; baseline 0.002 -27"><span class='ocrx_word' id='word_1_203' title='bbox 180 2127 406 2174; x_wconf 83' lang='lat' dir='ltr'>sequeretur,</span> <span class='ocrx_word' id='word_1_204' title='bbox 446 2131 565 2164; x_wconf 71' lang='lat' dir='ltr'>verum</span> <span class='ocrx_word' id='word_1_205' title='bbox 608 2132 704 2166; x_wconf 64' lang='lat' dir='ltr'>tanta</span> <span class='ocrx_word' id='word_1_206' title='bbox 747 2131 937 2168; x_wconf 60' lang='lat' dir='ltr'>constantini</span> <span class='ocrx_word' id='word_1_207' title='bbox 970 2124 973 2144; x_wconf 75' lang='lat'><strong>¹</strong></span> <span class='ocrx_word' id='word_1_208' title='bbox 1021 2121 1024 2191; x_wconf 48' lang='lat' dir='ltr'>l</span> 
     </span>
     <span class='ocr_line' id='line_1_39' title="bbox 180 2178 938 2218; baseline 0.004 -4"><span class='ocrx_word' id='word_1_209' title='bbox 180 2178 293 2214; x_wconf 78' lang='lat' dir='ltr'>animi</span> <span class='ocrx_word' id='word_1_210' title='bbox 329 2191 369 2213; x_wconf 89' lang='lat' dir='ltr'>ac</span> <span class='ocrx_word' id='word_1_211' title='bbox 398 2178 492 2214; x_wconf 77' lang='lat' dir='ltr'>vocis</span> <span class='ocrx_word' id='word_1_212' title='bbox 528 2178 667 2216; x_wconf 82' lang='lat' dir='ltr'>obstitit</span> <span class='ocrx_word' id='word_1_213' title='bbox 702 2181 864 2217; x_wconf 73' lang='lat' dir='ltr'>Farinam</span> <span class='ocrx_word' id='word_1_214' title='bbox 896 2182 938 2218; x_wconf 88' lang='lat' dir='ltr'>de</span> 
     </span>
     <span class='ocr_line' id='line_1_40' title="bbox 181 2227 938 2269; baseline 0.004 -5"><span class='ocrx_word' id='word_1_215' title='bbox 181 2227 325 2264; x_wconf 64' lang='lat' dir='ltr'>Uber-tis</span> <span class='ocrx_word' id='word_1_216' title='bbox 363 2227 418 2264; x_wconf 86' lang='lat' dir='ltr'>vir</span> <span class='ocrx_word' id='word_1_217' title='bbox 454 2228 607 2269; x_wconf 66' lang='lat' dir='ltr'>iaciens,</span> <span class='ocrx_word' id='word_1_218' title='bbox 635 2239 675 2265; x_wconf 91' lang='lat' dir='ltr'>ut</span> <span class='ocrx_word' id='word_1_219' title='bbox 701 2229 838 2266; x_wconf 84' lang='lat' dir='ltr'>suorum</span> <span class='ocrx_word' id='word_1_220' title='bbox 876 2231 938 2268; x_wconf 77' lang='lat' dir='ltr'>Ci-</span> 
     </span>
     <span class='ocr_line' id='line_1_41' title="bbox 178 2277 937 2317; baseline 0.005 -4"><span class='ocrx_word' id='word_1_221' title='bbox 178 2279 276 2314; x_wconf 91' lang='lat' dir='ltr'>vium</span> <span class='ocrx_word' id='word_1_222' title='bbox 305 2278 454 2314; x_wconf 89' lang='lat' dir='ltr'>furorem</span> <span class='ocrx_word' id='word_1_223' title='bbox 484 2277 608 2315; x_wconf 85' lang='lat' dir='ltr'>florens</span> <span class='ocrx_word' id='word_1_224' title='bbox 635 2279 699 2315; x_wconf 79' lang='lat' dir='ltr'>illa</span> <span class='ocrx_word' id='word_1_225' title='bbox 724 2280 861 2317; x_wconf 78' lang='lat' dir='ltr'>Civitas</span> <span class='ocrx_word' id='word_1_226' title='bbox 889 2280 937 2317; x_wconf 83' lang='lat' dir='ltr'>fe-</span> 
     </span>
     <span class='ocr_line' id='line_1_42' title="bbox 177 2328 937 2379; baseline 0.003 -14"><span class='ocrx_word' id='word_1_227' title='bbox 177 2328 340 2365; x_wconf 83' lang='lat' dir='ltr'>liciffime</span> <span class='ocrx_word' id='word_1_228' title='bbox 367 2329 514 2365; x_wconf 65' lang='lat' dir='ltr'>evaserit</span> <span class='ocrx_word' id='word_1_229' title='bbox 531 2356 540 2366; x_wconf 86' lang='lat'><strong><em>.</em></strong></span> <span class='ocrx_word' id='word_1_230' title='bbox 567 2330 740 2377; x_wconf 88' lang='lat' dir='ltr'>Equidem</span> <span class='ocrx_word' id='word_1_231' title='bbox 769 2341 937 2379; x_wconf 83' lang='lat' dir='ltr'>tempera-</span> 
     </span>
     <span class='ocr_line' id='line_1_43' title="bbox 176 2380 934 2430; baseline 0.003 -14"><span class='ocrx_word' id='word_1_232' title='bbox 176 2392 214 2416; x_wconf 89' lang='lat' dir='ltr'>re</span> <span class='ocrx_word' id='word_1_233' title='bbox 240 2393 310 2414; x_wconf 86' lang='lat' dir='ltr'>non</span> <span class='ocrx_word' id='word_1_234' title='bbox 338 2380 470 2428; x_wconf 81' lang='lat' dir='ltr'>pofl&#39;um</span> <span class='ocrx_word' id='word_1_235' title='bbox 488 2406 498 2424; x_wconf 87' lang='lat'>‚</span> <span class='ocrx_word' id='word_1_236' title='bbox 524 2380 611 2428; x_wconf 86' lang='lat' dir='ltr'>quin</span> <span class='ocrx_word' id='word_1_237' title='bbox 649 2380 727 2417; x_wconf 88' lang='lat' dir='ltr'>heic</span> <span class='ocrx_word' id='word_1_238' title='bbox 753 2380 934 2430; x_wconf 73' lang='lat' dir='ltr'>Majorum</span> 
     </span>
     <span class='ocr_line' id='line_1_44' title="bbox 175 2429 938 2481; baseline 0.004 -16"><span class='ocrx_word' id='word_1_239' title='bbox 175 2429 368 2469; x_wconf 84' lang='lat' dir='ltr'>nostrorum</span> <span class='ocrx_word' id='word_1_240' title='bbox 409 2429 579 2466; x_wconf 76' lang='lat' dir='ltr'>insaniam</span> <span class='ocrx_word' id='word_1_241' title='bbox 617 2440 738 2477; x_wconf 83' lang='lat' dir='ltr'>aperto</span> <span class='ocrx_word' id='word_1_242' title='bbox 773 2445 833 2467; x_wconf 86' lang='lat' dir='ltr'>ore</span> <span class='ocrx_word' id='word_1_243' title='bbox 861 2445 938 2481; x_wconf 84' lang='lat' dir='ltr'>pro-</span> 
     </span>
     <span class='ocr_line' id='line_1_45' title="bbox 177 2479 938 2528; baseline 0.004 -13"><span class='ocrx_word' id='word_1_244' title='bbox 177 2479 256 2515; x_wconf 83' lang='lat' dir='ltr'>dam</span> <span class='ocrx_word' id='word_1_245' title='bbox 285 2489 389 2528; x_wconf 78' lang='lat' dir='ltr'>atque</span> <span class='ocrx_word' id='word_1_246' title='bbox 427 2480 598 2517; x_wconf 83' lang='lat' dir='ltr'>exsecrer.</span> <span class='ocrx_word' id='word_1_247' title='bbox 636 2482 709 2518; x_wconf 77' lang='lat' dir='ltr'>Vix</span> <span class='ocrx_word' id='word_1_248' title='bbox 748 2483 855 2518; x_wconf 78' lang='lat' dir='ltr'>ullam</span> <span class='ocrx_word' id='word_1_249' title='bbox 894 2496 938 2519; x_wconf 85' lang='lat' dir='ltr'>ex</span> 
     </span>
     <span class='ocr_line' id='line_1_46' title="bbox 174 2528 934 2571; baseline 0.001 -2"><span class='ocrx_word' id='word_1_250' title='bbox 174 2528 398 2569; x_wconf 82' lang='lat' dir='ltr'>Civitatibus</span> <span class='ocrx_word' id='word_1_251' title='bbox 426 2539 510 2568; x_wconf 83' lang='lat' dir='ltr'>tunc</span> <span class='ocrx_word' id='word_1_252' title='bbox 536 2531 679 2570; x_wconf 76' lang='lat' dir='ltr'>Liberis</span> <span class='ocrx_word' id='word_1_253' title='bbox 708 2532 798 2571; x_wconf 83' lang='lat' dir='ltr'>mihi</span> <span class='ocrx_word' id='word_1_254' title='bbox 825 2532 934 2571; x_wconf 85' lang='lat' dir='ltr'>osten-</span> 
     </span>
    </p>
   </div>
   <div class='ocr_carea' id='block_1_2' title="bbox 959 2389 969 2583">
    <p class='ocr_par' dir='ltr' id='par_1_2' title="bbox 959 2389 969 2583">
     <span class='ocr_line' id='line_1_47' title="bbox 959 2389 969 2583; baseline 0 553"><span class='ocrx_word' id='word_1_255' title='bbox 959 2389 969 2583; x_wconf 95' lang='lat' dir='ltr'> </span> 
     </span>
    </p>
   </div>
   <div class='ocr_carea' id='block_1_3' title="bbox 449 207 1584 268">
    <p class='ocr_par' dir='ltr' id='par_1_3' title="bbox 449 207 1584 268">
     <span class='ocr_line' id='line_1_48' title="bbox 449 207 1584 268; baseline 0.005 -19"><span class='ocrx_word' id='word_1_256' title='bbox 449 207 843 249; x_wconf 73' lang='lat' dir='ltr'>DlssERTATJO</span> <span class='ocrx_word' id='word_1_257' title='bbox 876 207 1584 268; x_wconf 51' lang='lat' dir='ltr'>,QUJNQUAGESJMAPRJMAE</span> 
     </span>
    </p>
   </div>
   <div class='ocr_carea' id='block_1_4' title="bbox 1019 2196 1026 2385">
    <p class='ocr_par' dir='ltr' id='par_1_4' title="bbox 1019 2196 1026 2385">
     <span class='ocr_line' id='line_1_49' title="bbox 1019 2196 1026 2385; baseline 0 0"><span class='ocrx_word' id='word_1_258' title='bbox 1019 2196 1026 2385; x_wconf 93' lang='grc' dir='ltr'>Ι</span> 
     </span>
    </p>
   </div>
   <div class='ocr_carea' id='block_1_5' title="bbox 1712 235 1766 274">
    <p class='ocr_par' dir='ltr' id='par_1_5' title="bbox 1712 235 1766 274">
     <span class='ocr_line' id='line_1_50' title="bbox 1712 235 1766 274; baseline 0 -12"><span class='ocrx_word' id='word_1_259' title='bbox 1712 235 1766 274; x_wconf 82' lang='lat'>70</span> 
     </span>
    </p>
   </div>
   <div class='ocr_carea' id='block_1_6' title="bbox 1051 266 1825 2636">
    <p class='ocr_par' dir='ltr' id='par_1_6' title="bbox 1051 266 1825 2636">
     <span class='ocr_line' id='line_1_51' title="bbox 1073 266 1825 322; baseline 0.023 -25"><span class='ocrx_word' id='word_1_260' title='bbox 1073 266 1154 306; x_wconf 85' lang='lat' dir='ltr'>das,</span> <span class='ocrx_word' id='word_1_261' title='bbox 1191 278 1306 312; x_wconf 85' lang='lat' dir='ltr'>quae,</span> <span class='ocrx_word' id='word_1_262' title='bbox 1341 267 1424 304; x_wconf 90' lang='lat' dir='ltr'>dum</span> <span class='ocrx_word' id='word_1_263' title='bbox 1467 270 1619 308; x_wconf 67' lang='lat' dir='ltr'>{urentes</span> <span class='ocrx_word' id='word_1_264' title='bbox 1654 275 1825 322; x_wconf 83' lang='lat' dir='ltr'>ejusmodi</span> 
     </span>
     <span class='ocr_line' id='line_1_52' title="bbox 1069 313 1823 367; baseline 0.019 -18"><span class='ocrx_word' id='word_1_265' title='bbox 1069 313 1253 352; x_wconf 69' lang='lat' dir='ltr'>Faffiones</span> <span class='ocrx_word' id='word_1_266' title='bbox 1294 317 1482 367; x_wconf 85' lang='lat' dir='ltr'>vigebant,</span> <span class='ocrx_word' id='word_1_267' title='bbox 1518 331 1578 358; x_wconf 85' lang='lat' dir='ltr'>aut</span> <span class='ocrx_word' id='word_1_268' title='bbox 1614 322 1707 360; x_wconf 82' lang='lat' dir='ltr'>inter</span> <span class='ocrx_word' id='word_1_269' title='bbox 1749 329 1823 364; x_wconf 85' lang='lat' dir='ltr'>Ple-</span> 
     </span>
     <span class='ocr_line' id='line_1_53' title="bbox 1069 365 1823 424; baseline 0.019 -25"><span class='ocrx_word' id='word_1_270' title='bbox 1069 365 1147 400; x_wconf 89' lang='lat' dir='ltr'>bem</span> <span class='ocrx_word' id='word_1_271' title='bbox 1187 367 1221 401; x_wconf 89' lang='lat'>&amp;</span> <span class='ocrx_word' id='word_1_272' title='bbox 1256 369 1401 406; x_wconf 82' lang='lat' dir='ltr'>Nobiles</span> <span class='ocrx_word' id='word_1_273' title='bbox 1437 371 1609 409; x_wconf 86' lang='lat' dir='ltr'>discordia</span> <span class='ocrx_word' id='word_1_274' title='bbox 1645 373 1823 424; x_wconf 80' lang='lat' dir='ltr'>fervebat,</span> 
     </span>
     <span class='ocr_line' id='line_1_54' title="bbox 1064 416 1822 475; baseline 0.018 -25"><span class='ocrx_word' id='word_1_275' title='bbox 1064 427 1136 451; x_wconf 84' lang='lat' dir='ltr'>non</span> <span class='ocrx_word' id='word_1_276' title='bbox 1173 416 1413 465; x_wconf 87' lang='lat' dir='ltr'>consueverit,</span> <span class='ocrx_word' id='word_1_277' title='bbox 1441 431 1480 458; x_wconf 92' lang='lat' dir='ltr'>ut</span> <span class='ocrx_word' id='word_1_278' title='bbox 1515 436 1624 473; x_wconf 85' lang='lat' dir='ltr'>nuper</span> <span class='ocrx_word' id='word_1_279' title='bbox 1659 426 1822 475; x_wconf 80' lang='lat' dir='ltr'>ajebam,</span> 
     </span>
     <span class='ocr_line' id='line_1_55' title="bbox 1064 466 1820 521; baseline 0.02 -21"><span class='ocrx_word' id='word_1_280' title='bbox 1064 466 1214 514; x_wconf 86' lang='lat' dir='ltr'>dejicere</span> <span class='ocrx_word' id='word_1_281' title='bbox 1253 469 1287 503; x_wconf 90' lang='lat'>&amp;</span> <span class='ocrx_word' id='word_1_282' title='bbox 1330 469 1405 506; x_wconf 86' lang='lat' dir='ltr'>solo</span> <span class='ocrx_word' id='word_1_283' title='bbox 1441 485 1586 521; x_wconf 83' lang='lat' dir='ltr'>aequare</span> <span class='ocrx_word' id='word_1_284' title='bbox 1622 475 1744 513; x_wconf 87' lang='lat' dir='ltr'>domos</span> <span class='ocrx_word' id='word_1_285' title='bbox 1780 491 1820 515; x_wconf 85' lang='lat' dir='ltr'>ac</span> 
     </span>
     <span class='ocr_line' id='line_1_56' title="bbox 1064 517 1820 564; baseline 0.019 -13"><span class='ocrx_word' id='word_1_286' title='bbox 1064 517 1200 554; x_wconf 80' lang='lat' dir='ltr'>Palatia</span> <span class='ocrx_word' id='word_1_287' title='bbox 1228 519 1446 558; x_wconf 81' lang='lat' dir='ltr'>adversorum</span> <span class='ocrx_word' id='word_1_288' title='bbox 1476 524 1623 562; x_wconf 87' lang='lat' dir='ltr'>Civium</span> <span class='ocrx_word' id='word_1_289' title='bbox 1663 526 1820 564; x_wconf 89' lang='lat' dir='ltr'>succum-</span> 
     </span>
     <span class='ocr_line' id='line_1_57' title="bbox 1062 568 1815 626; baseline 0.019 -25"><span class='ocrx_word' id='word_1_290' title='bbox 1062 568 1246 613; x_wconf 89' lang='lat' dir='ltr'>bentium,</span> <span class='ocrx_word' id='word_1_291' title='bbox 1273 580 1333 607; x_wconf 89' lang='lat' dir='ltr'>aut</span> <span class='ocrx_word' id='word_1_292' title='bbox 1369 572 1407 608; x_wconf 88' lang='lat' dir='ltr'>in</span> <span class='ocrx_word' id='word_1_293' title='bbox 1444 573 1625 612; x_wconf 85' lang='lat' dir='ltr'>seditiosos</span> <span class='ocrx_word' id='word_1_294' title='bbox 1662 580 1815 626; x_wconf 82' lang='lat' dir='ltr'>quosque</span> 
     </span>
     <span class='ocr_line' id='line_1_58' title="bbox 1061 616 1817 674; baseline 0.017 -22"><span class='ocrx_word' id='word_1_295' title='bbox 1061 616 1098 654; x_wconf 73' lang='grc' dir='ltr'>ὅτ.</span> <span class='ocrx_word' id='word_1_296' title='bbox 1126 618 1321 657; x_wconf 86' lang='lat' dir='ltr'>homicidas</span> <span class='ocrx_word' id='word_1_297' title='bbox 1349 623 1424 671; x_wconf 85' lang='lat' dir='ltr'>pari</span> <span class='ocrx_word' id='word_1_298' title='bbox 1450 626 1565 674; x_wconf 85' lang='lat' dir='ltr'>rigore</span> <span class='ocrx_word' id='word_1_299' title='bbox 1601 628 1817 665; x_wconf 81' lang='lat' dir='ltr'>animadver-</span> 
     </span>
     <span class='ocr_line' id='line_1_59' title="bbox 1060 671 1819 721; baseline 0.017 -18"><span class='ocrx_word' id='word_1_300' title='bbox 1060 677 1169 705; x_wconf 87' lang='lat' dir='ltr'>teret.</span> <span class='ocrx_word' id='word_1_301' title='bbox 1197 671 1313 707; x_wconf 89' lang='lat' dir='ltr'>Immo</span> <span class='ocrx_word' id='word_1_302' title='bbox 1344 687 1455 721; x_wconf 84' lang='lat' dir='ltr'>poena</span> <span class='ocrx_word' id='word_1_303' title='bbox 1491 678 1575 713; x_wconf 78' lang='lat' dir='ltr'>baec</span> <span class='ocrx_word' id='word_1_304' title='bbox 1601 678 1640 714; x_wconf 88' lang='lat' dir='ltr'>in</span> <span class='ocrx_word' id='word_1_305' title='bbox 1669 679 1819 715; x_wconf 77' lang='lat' dir='ltr'>munici-</span> 
     </span>
     <span class='ocr_line' id='line_1_60' title="bbox 1059 719 1818 778; baseline 0.018 -25"><span class='ocrx_word' id='word_1_306' title='bbox 1059 719 1195 768; x_wconf 86' lang='lat' dir='ltr'>palibus</span> <span class='ocrx_word' id='word_1_307' title='bbox 1215 734 1333 757; x_wconf 86' lang='lat' dir='ltr'>eorum</span> <span class='ocrx_word' id='word_1_308' title='bbox 1353 733 1550 774; x_wconf 89' lang='lat' dir='ltr'>temporum</span> <span class='ocrx_word' id='word_1_309' title='bbox 1572 730 1727 778; x_wconf 82' lang='lat' dir='ltr'>Legibus</span> <span class='ocrx_word' id='word_1_310' title='bbox 1748 729 1818 766; x_wconf 87' lang='lat' dir='ltr'>sae-</span> 
     </span>
     <span class='ocr_line' id='line_1_61' title="bbox 1060 771 1820 817; baseline 0.018 -14"><span class='ocrx_word' id='word_1_311' title='bbox 1060 783 1102 817; x_wconf 89' lang='lat' dir='ltr'>pe</span> <span class='ocrx_word' id='word_1_312' title='bbox 1130 771 1315 808; x_wconf 85' lang='lat' dir='ltr'>constituta</span> <span class='ocrx_word' id='word_1_313' title='bbox 1341 779 1509 813; x_wconf 83' lang='lat' dir='ltr'>recurrit.</span> <span class='ocrx_word' id='word_1_314' title='bbox 1534 780 1606 815; x_wconf 89' lang='lat' dir='ltr'>Uni</span> <span class='ocrx_word' id='word_1_315' title='bbox 1634 780 1820 816; x_wconf 82' lang='lat' dir='ltr'>Mutinen-</span> 
     </span>
     <span class='ocr_line' id='line_1_62' title="bbox 1059 819 1818 870; baseline 0.02 -17"><span class='ocrx_word' id='word_1_316' title='bbox 1059 819 1109 855; x_wconf 87' lang='lat' dir='ltr'>ses</span> <span class='ocrx_word' id='word_1_317' title='bbox 1144 820 1249 856; x_wconf 82' lang='lat' dir='ltr'>instar</span> <span class='ocrx_word' id='word_1_318' title='bbox 1284 825 1440 861; x_wconf 87' lang='lat' dir='ltr'>omnium</span> <span class='ocrx_word' id='word_1_319' title='bbox 1479 827 1557 864; x_wconf 85' lang='lat' dir='ltr'>heic</span> <span class='ocrx_word' id='word_1_320' title='bbox 1592 830 1682 866; x_wconf 85' lang='lat' dir='ltr'>mihi</span> <span class='ocrx_word' id='word_1_321' title='bbox 1710 830 1818 870; x_wconf 84' lang='lat' dir='ltr'>sunt.</span> 
     </span>
     <span class='ocr_line' id='line_1_63' title="bbox 1062 869 1818 928; baseline 0.017 -23"><span class='ocrx_word' id='word_1_322' title='bbox 1062 869 1116 906; x_wconf 89' lang='lat' dir='ltr'>Ut</span> <span class='ocrx_word' id='word_1_323' title='bbox 1143 870 1188 906; x_wconf 90' lang='lat' dir='ltr'>est</span> <span class='ocrx_word' id='word_1_324' title='bbox 1214 872 1252 907; x_wconf 86' lang='lat' dir='ltr'>in</span> <span class='ocrx_word' id='word_1_325' title='bbox 1280 875 1428 911; x_wconf 71' lang='lat' dir='ltr'>statutis</span> <span class='ocrx_word' id='word_1_326' title='bbox 1465 876 1578 914; x_wconf 77' lang='lat' dir='ltr'>MStis</span> <span class='ocrx_word' id='word_1_327' title='bbox 1614 880 1714 928; x_wconf 79' lang='lat' dir='ltr'>hujus</span> <span class='ocrx_word' id='word_1_328' title='bbox 1745 881 1818 918; x_wconf 85' lang='lat' dir='ltr'>Ur-</span> 
     </span>
     <span class='ocr_line' id='line_1_64' title="bbox 1060 920 1820 968; baseline 0.016 -12"><span class='ocrx_word' id='word_1_329' title='bbox 1060 920 1142 966; x_wconf 76' lang='lat' dir='ltr'>bis,</span> <span class='ocrx_word' id='word_1_330' title='bbox 1184 924 1294 958; x_wconf 79' lang='lat' dir='ltr'>Anno</span> <span class='ocrx_word' id='word_1_331' title='bbox 1338 928 1600 965; x_wconf 60' lang='lat' dir='ltr'><strong>MQCLXXV.</strong></span> <span class='ocrx_word' id='word_1_332' title='bbox 1641 931 1820 968; x_wconf 81' lang='lat' dir='ltr'>decretum</span> 
     </span>
     <span class='ocr_line' id='line_1_65' title="bbox 1059 971 1817 1026; baseline 0.015 -20"><span class='ocrx_word' id='word_1_333' title='bbox 1059 971 1148 1007; x_wconf 77' lang='lat' dir='ltr'>fuit:</span> <span class='ocrx_word' id='word_1_334' title='bbox 1170 983 1207 1007; x_wconf 79' lang='lat' dir='ltr'>ut</span> <span class='ocrx_word' id='word_1_335' title='bbox 1223 975 1260 1019; x_wconf 87' lang='lat' dir='ltr'><em>fi</em></span> <span class='ocrx_word' id='word_1_336' title='bbox 1282 977 1353 1019; x_wconf 67' lang='lat' dir='ltr'>quis</span> <span class='ocrx_word' id='word_1_337' title='bbox 1377 987 1437 1020; x_wconf 81' lang='lat' dir='ltr'>per</span> <span class='ocrx_word' id='word_1_338' title='bbox 1455 978 1514 1024; x_wconf 65' lang='lat' dir='ltr'>sb,</span> <span class='ocrx_word' id='word_1_339' title='bbox 1534 984 1588 1014; x_wconf 70' lang='lat' dir='ltr'>vel</span> <span class='ocrx_word' id='word_1_340' title='bbox 1608 991 1667 1024; x_wconf 83' lang='lat' dir='ltr'>per</span> <span class='ocrx_word' id='word_1_341' title='bbox 1694 983 1817 1026; x_wconf 83' lang='lat' dir='ltr'>alium,</span> 
     </span>
     <span class='ocr_line' id='line_1_66' title="bbox 1058 1024 1820 1078; baseline 0.017 -23"><span class='ocrx_word' id='word_1_342' title='bbox 1058 1024 1193 1063; x_wconf 68' lang='lat' dir='ltr'>Civem,</span> <span class='ocrx_word' id='word_1_343' title='bbox 1220 1028 1272 1058; x_wconf 69' lang='lat' dir='ltr'>vel</span> <span class='ocrx_word' id='word_1_344' title='bbox 1297 1029 1530 1063; x_wconf 74' lang='lat' dir='ltr'>Comitatimtm</span> <span class='ocrx_word' id='word_1_345' title='bbox 1558 1033 1733 1076; x_wconf 80' lang='lat' dir='ltr'>Mutinae,</span> <span class='ocrx_word' id='word_1_346' title='bbox 1751 1033 1820 1078; x_wconf 77' lang='lat' dir='ltr'>stu-</span> 
     </span>
     <span class='ocr_line' id='line_1_67' title="bbox 1059 1072 1818 1127; baseline 0.016 -21"><span class='ocrx_word' id='word_1_347' title='bbox 1059 1072 1142 1120; x_wconf 76' lang='lat' dir='ltr'>diose</span> <span class='ocrx_word' id='word_1_348' title='bbox 1168 1075 1400 1121; x_wconf 52' lang='lat' dir='ltr'>intersbtetit,</span> <span class='ocrx_word' id='word_1_349' title='bbox 1428 1080 1463 1113; x_wconf 78' lang='lat' dir='ltr'>in</span> <span class='ocrx_word' id='word_1_350' title='bbox 1500 1084 1608 1116; x_wconf 65' lang='lat' dir='ltr'>Banna</span> <span class='ocrx_word' id='word_1_351' title='bbox 1631 1084 1818 1127; x_wconf 60' lang='lat' dir='ltr'>perpetuali</span> 
     </span>
     <span class='ocr_line' id='line_1_68' title="bbox 1056 1124 1819 1175; baseline 0.014 -17"><span class='ocrx_word' id='word_1_352' title='bbox 1056 1134 1194 1167; x_wconf 71' lang='lat' dir='ltr'>ponatur</span> <span class='ocrx_word' id='word_1_353' title='bbox 1222 1124 1284 1162; x_wconf 68' lang='lat'>&amp;1:-</span> <span class='ocrx_word' id='word_1_354' title='bbox 1313 1128 1360 1161; x_wconf 82' lang='lat' dir='ltr'>Et</span> <span class='ocrx_word' id='word_1_355' title='bbox 1389 1131 1495 1165; x_wconf 76' lang='lat' dir='ltr'>omnia</span> <span class='ocrx_word' id='word_1_356' title='bbox 1520 1130 1575 1175; x_wconf 78' lang='lat' dir='ltr'>fita</span> <span class='ocrx_word' id='word_1_357' title='bbox 1603 1135 1683 1168; x_wconf 77' lang='lat' dir='ltr'>bona</span> <span class='ocrx_word' id='word_1_358' title='bbox 1711 1135 1819 1169; x_wconf 82' lang='lat' dir='ltr'>immo-</span> 
     </span>
     <span class='ocr_line' id='line_1_69' title="bbox 1058 1173 1820 1230; baseline 0.014 -22"><span class='ocrx_word' id='word_1_359' title='bbox 1058 1173 1142 1208; x_wconf 72' lang='lat' dir='ltr'>hilm</span> <span class='ocrx_word' id='word_1_360' title='bbox 1169 1177 1395 1222; x_wconf 60' lang='lat' dir='ltr'>dez-rstentur;</span> <span class='ocrx_word' id='word_1_361' title='bbox 1423 1182 1575 1223; x_wconf 77' lang='lat' dir='ltr'>mobilia,</span> <span class='ocrx_word' id='word_1_362' title='bbox 1599 1182 1634 1216; x_wconf 57' lang='grc' dir='ltr'><strong><em>ὰ</em></strong></span> <span class='ocrx_word' id='word_1_363' title='bbox 1654 1185 1732 1230; x_wconf 76' lang='lat' dir='ltr'>jura</span> <span class='ocrx_word' id='word_1_364' title='bbox 1755 1197 1820 1219; x_wconf 82' lang='lat' dir='ltr'>om-</span> 
     </span>
     <span class='ocr_line' id='line_1_70' title="bbox 1059 1225 1824 1278; baseline 0.016 -20"><span class='ocrx_word' id='word_1_365' title='bbox 1059 1226 1137 1264; x_wconf 84' lang='lat' dir='ltr'>nia,</span> <span class='ocrx_word' id='word_1_366' title='bbox 1165 1225 1201 1260; x_wconf 61' lang='lat'>&amp;⁴</span> <span class='ocrx_word' id='word_1_367' title='bbox 1237 1229 1381 1264; x_wconf 70' lang='lat' dir='ltr'>rationes</span> <span class='ocrx_word' id='word_1_368' title='bbox 1417 1232 1513 1278; x_wconf 66' lang='lat' dir='ltr'>ipsius</span> <span class='ocrx_word' id='word_1_369' title='bbox 1543 1237 1742 1278; x_wconf 71' lang='lat' dir='ltr'>perveniant</span> <span class='ocrx_word' id='word_1_370' title='bbox 1777 1237 1824 1271; x_wconf 76' lang='lat' dir='ltr'>ad</span> 
     </span>
     <span class='ocr_line' id='line_1_71' title="bbox 1058 1277 1820 1326; baseline 0.016 -18"><span class='ocrx_word' id='word_1_371' title='bbox 1058 1278 1204 1310; x_wconf 77' lang='lat' dir='ltr'>heredem</span> <span class='ocrx_word' id='word_1_372' title='bbox 1254 1277 1392 1323; x_wconf 64' lang='lat' dir='ltr'>defimfli</span> <span class='ocrx_word' id='word_1_373' title='bbox 1407 1294 1419 1318; x_wconf 90' lang='lat'><em>;</em></span> <span class='ocrx_word' id='word_1_374' title='bbox 1461 1285 1563 1317; x_wconf 80' lang='lat' dir='ltr'>etiam</span> <span class='ocrx_word' id='word_1_375' title='bbox 1613 1284 1820 1326; x_wconf 76' lang='lat' dir='ltr'>immobilia,</span> 
     </span>
     <span class='ocr_line' id='line_1_72' title="bbox 1053 1326 1817 1379; baseline 0.017 -22"><span class='ocrx_word' id='word_1_376' title='bbox 1053 1326 1212 1370; x_wconf 75' lang='lat' dir='ltr'>pcstquam</span> <span class='ocrx_word' id='word_1_377' title='bbox 1239 1330 1404 1373; x_wconf 68' lang='lat' dir='ltr'>devastata</span> <span class='ocrx_word' id='word_1_378' title='bbox 1421 1330 1579 1376; x_wconf 77' lang='lat' dir='ltr'>suerint,</span> <span class='ocrx_word' id='word_1_379' title='bbox 1607 1336 1736 1378; x_wconf 73' lang='lat' dir='ltr'>integre</span> <span class='ocrx_word' id='word_1_380' title='bbox 1756 1347 1817 1379; x_wconf 77' lang='lat' dir='ltr'>pro</span> 
     </span>
     <span class='ocr_line' id='line_1_73' title="bbox 1057 1377 1819 1432; baseline 0.016 -24"><span class='ocrx_word' id='word_1_381' title='bbox 1057 1379 1233 1410; x_wconf 78' lang='lat' dir='ltr'>medtetate</span> <span class='ocrx_word' id='word_1_382' title='bbox 1273 1377 1409 1413; x_wconf 67' lang='lat' dir='ltr'>a&#39;ebecznt</span> <span class='ocrx_word' id='word_1_383' title='bbox 1457 1385 1631 1425; x_wconf 69' lang='lat' dir='ltr'>pervenire</span> <span class='ocrx_word' id='word_1_384' title='bbox 1671 1388 1718 1419; x_wconf 83' lang='lat' dir='ltr'>ad</span> <span class='ocrx_word' id='word_1_385' title='bbox 1752 1387 1819 1432; x_wconf 72' lang='lat' dir='ltr'>ejus</span> 
     </span>
     <span class='ocr_line' id='line_1_74' title="bbox 1056 1425 1816 1482; baseline 0.022 -28"><span class='ocrx_word' id='word_1_386' title='bbox 1056 1427 1188 1456; x_wconf 74' lang='lat' dir='ltr'>heredes</span> <span class='ocrx_word' id='word_1_387' title='bbox 1216 1425 1278 1458; x_wconf 57' lang='lat' dir='ltr'>&amp;a</span> <span class='ocrx_word' id='word_1_388' title='bbox 1309 1428 1415 1470; x_wconf 84' lang='lat' dir='ltr'>Quod</span> <span class='ocrx_word' id='word_1_389' title='bbox 1452 1443 1552 1465; x_wconf 86' lang='lat' dir='ltr'>canes</span> <span class='ocrx_word' id='word_1_390' title='bbox 1588 1432 1626 1467; x_wconf 83' lang='lat' dir='ltr'>in</span> <span class='ocrx_word' id='word_1_391' title='bbox 1662 1434 1816 1482; x_wconf 71' lang='lat' dir='ltr'>lapidem</span> 
     </span>
     <span class='ocr_line' id='line_1_75' title="bbox 1058 1472 1816 1523; baseline 0.018 -17"><span class='ocrx_word' id='word_1_392' title='bbox 1058 1481 1180 1507; x_wconf 88' lang='lat' dir='ltr'>contra</span> <span class='ocrx_word' id='word_1_393' title='bbox 1207 1472 1240 1508; x_wconf 88' lang='lat' dir='ltr'>se</span> <span class='ocrx_word' id='word_1_394' title='bbox 1268 1475 1458 1523; x_wconf 65' lang='lat' dir='ltr'>projee‘ium</span> <span class='ocrx_word' id='word_1_395' title='bbox 1487 1479 1698 1523; x_wconf 76' lang='lat' dir='ltr'>irascantur,</span> <span class='ocrx_word' id='word_1_396' title='bbox 1725 1484 1816 1520; x_wconf 77' lang='lat' dir='ltr'>ride·—</span> 
     </span>
     <span class='ocr_line' id='line_1_76' title="bbox 1057 1522 1812 1575; baseline 0.019 -18"><span class='ocrx_word' id='word_1_397' title='bbox 1057 1535 1093 1558; x_wconf 89' lang='lat' dir='ltr'>re</span> <span class='ocrx_word' id='word_1_398' title='bbox 1120 1522 1289 1560; x_wconf 78' lang='lat' dir='ltr'>solemus.</span> <span class='ocrx_word' id='word_1_399' title='bbox 1319 1530 1371 1562; x_wconf 78' lang='lat' dir='ltr'>At</span> <span class='ocrx_word' id='word_1_400' title='bbox 1398 1529 1491 1575; x_wconf 86' lang='lat' dir='ltr'>quod</span> <span class='ocrx_word' id='word_1_401' title='bbox 1519 1530 1679 1568; x_wconf 84' lang='lat' dir='ltr'>homines</span> <span class='ocrx_word' id='word_1_402' title='bbox 1706 1534 1812 1570; x_wconf 79' lang='lat' dir='ltr'>ratio-</span> 
     </span>
     <span class='ocr_line' id='line_1_77' title="bbox 1057 1576 1815 1627; baseline 0.018 -20"><span class='ocrx_word' id='word_1_403' title='bbox 1057 1585 1100 1608; x_wconf 93' lang='lat' dir='ltr'>ne</span> <span class='ocrx_word' id='word_1_404' title='bbox 1128 1582 1287 1619; x_wconf 77' lang='lat' dir='ltr'>utentes,</span> <span class='ocrx_word' id='word_1_405' title='bbox 1315 1576 1352 1612; x_wconf 75' lang='grc' dir='ltr'>ὅῑ</span> <span class='ocrx_word' id='word_1_406' title='bbox 1389 1579 1519 1626; x_wconf 78' lang='lat' dir='ltr'>patriae</span> <span class='ocrx_word' id='word_1_407' title='bbox 1557 1580 1655 1627; x_wconf 75' lang='lat' dir='ltr'>suae,</span> <span class='ocrx_word' id='word_1_408' title='bbox 1684 1594 1722 1620; x_wconf 81' lang='lat' dir='ltr'>ut</span> <span class='ocrx_word' id='word_1_409' title='bbox 1758 1586 1815 1621; x_wconf 81' lang='lat' dir='ltr'>de-</span> 
     </span>
     <span class='ocr_line' id='line_1_78' title="bbox 1057 1627 1814 1683; baseline 0.017 -25"><span class='ocrx_word' id='word_1_410' title='bbox 1057 1633 1135 1668; x_wconf 88' lang='lat' dir='ltr'>cet,</span> <span class='ocrx_word' id='word_1_411' title='bbox 1164 1638 1202 1660; x_wconf 86' lang='lat' dir='ltr'>ac</span> <span class='ocrx_word' id='word_1_412' title='bbox 1229 1638 1314 1673; x_wconf 77' lang='lat' dir='ltr'>opus</span> <span class='ocrx_word' id='word_1_413' title='bbox 1351 1627 1417 1671; x_wconf 88' lang='lat' dir='ltr'>est,</span> <span class='ocrx_word' id='word_1_414' title='bbox 1449 1640 1618 1669; x_wconf 80' lang='lat' dir='ltr'>amatores</span> <span class='ocrx_word' id='word_1_415' title='bbox 1638 1660 1647 1677; x_wconf 90' lang='lat'>‚</span> <span class='ocrx_word' id='word_1_416' title='bbox 1675 1636 1814 1683; x_wconf 66' lang='lat' dir='ltr'>quando</span> 
     </span>
     <span class='ocr_line' id='line_1_79' title="bbox 1057 1673 1814 1723; baseline 0.016 -14"><span class='ocrx_word' id='word_1_417' title='bbox 1057 1673 1095 1709; x_wconf 88' lang='lat' dir='ltr'>in</span> <span class='ocrx_word' id='word_1_418' title='bbox 1123 1674 1228 1710; x_wconf 76' lang='lat' dir='ltr'>Cives</span> <span class='ocrx_word' id='word_1_419' title='bbox 1254 1677 1439 1723; x_wconf 80' lang='lat' dir='ltr'>inimicos,</span> <span class='ocrx_word' id='word_1_420' title='bbox 1462 1691 1522 1717; x_wconf 80' lang='lat' dir='ltr'>aut</span> <span class='ocrx_word' id='word_1_421' title='bbox 1549 1683 1661 1719; x_wconf 83' lang='lat' dir='ltr'>sontes</span> <span class='ocrx_word' id='word_1_422' title='bbox 1689 1686 1814 1721; x_wconf 80' lang='lat' dir='ltr'>rabiem</span> 
     </span>
     <span class='ocr_line' id='line_1_80' title="bbox 1056 1735 1812 1775; baseline 0.019 -17"><span class='ocrx_word' id='word_1_423' title='bbox 1056 1737 1214 1760; x_wconf 77' lang='lat' dir='ltr'>exercere</span> <span class='ocrx_word' id='word_1_424' title='bbox 1240 1739 1311 1762; x_wconf 85' lang='lat' dir='ltr'>non</span> <span class='ocrx_word' id='word_1_425' title='bbox 1341 1738 1522 1775; x_wconf 75' lang='lat' dir='ltr'>poterant,</span> <span class='ocrx_word' id='word_1_426' title='bbox 1550 1742 1609 1768; x_wconf 82' lang='lat' dir='ltr'>aut</span> <span class='ocrx_word' id='word_1_427' title='bbox 1636 1735 1680 1770; x_wconf 84' lang='lat' dir='ltr'>iis</span> <span class='ocrx_word' id='word_1_428' title='bbox 1708 1736 1812 1772; x_wconf 78' lang='lat' dir='ltr'>etiam</span> 
     </span>
     <span class='ocr_line' id='line_1_81' title="bbox 1056 1774 1811 1823; baseline 0.019 -15"><span class='ocrx_word' id='word_1_429' title='bbox 1056 1774 1231 1822; x_wconf 78' lang='lat' dir='ltr'>prostratis</span> <span class='ocrx_word' id='word_1_430' title='bbox 1268 1790 1307 1812; x_wconf 86' lang='lat' dir='ltr'>ac</span> <span class='ocrx_word' id='word_1_431' title='bbox 1335 1779 1454 1819; x_wconf 73' lang='lat' dir='ltr'>caesis,</span> <span class='ocrx_word' id='word_1_432' title='bbox 1482 1782 1520 1817; x_wconf 75' lang='lat' dir='ltr'>in</span> <span class='ocrx_word' id='word_1_433' title='bbox 1557 1796 1675 1820; x_wconf 88' lang='lat' dir='ltr'>eorum</span> <span class='ocrx_word' id='word_1_434' title='bbox 1714 1787 1811 1823; x_wconf 69' lang='lat' dir='ltr'>aedes</span> 
     </span>
     <span class='ocr_line' id='line_1_82' title="bbox 1055 1825 1811 1872; baseline 0.017 -13"><span class='ocrx_word' id='word_1_435' title='bbox 1055 1833 1127 1860; x_wconf 87' lang='lat' dir='ltr'>tam</span> <span class='ocrx_word' id='word_1_436' title='bbox 1157 1825 1260 1862; x_wconf 81' lang='lat' dir='ltr'>facile</span> <span class='ocrx_word' id='word_1_437' title='bbox 1288 1827 1493 1871; x_wconf 77' lang='lat' dir='ltr'>saevierint,</span> <span class='ocrx_word' id='word_1_438' title='bbox 1518 1845 1621 1869; x_wconf 84' lang='lat' dir='ltr'>nemo</span> <span class='ocrx_word' id='word_1_439' title='bbox 1647 1834 1708 1870; x_wconf 81' lang='lat' dir='ltr'>nisi</span> <span class='ocrx_word' id='word_1_440' title='bbox 1738 1849 1811 1872; x_wconf 79' lang='lat' dir='ltr'>cae·</span> 
     </span>
     <span class='ocr_line' id='line_1_83' title="bbox 1056 1875 1811 1924; baseline 0.017 -14"><span class='ocrx_word' id='word_1_441' title='bbox 1056 1888 1098 1911; x_wconf 90' lang='lat' dir='ltr'>co</span> <span class='ocrx_word' id='word_1_442' title='bbox 1125 1875 1235 1913; x_wconf 87' lang='lat' dir='ltr'>furori</span> <span class='ocrx_word' id='word_1_443' title='bbox 1262 1876 1298 1913; x_wconf 86' lang='lat' dir='ltr'>id</span> <span class='ocrx_word' id='word_1_444' title='bbox 1325 1880 1477 1917; x_wconf 78' lang='lat' dir='ltr'>tribuat.</span> <span class='ocrx_word' id='word_1_445' title='bbox 1503 1885 1586 1919; x_wconf 89' lang='lat' dir='ltr'>Non</span> <span class='ocrx_word' id='word_1_446' title='bbox 1610 1884 1811 1924; x_wconf 80' lang='lat' dir='ltr'>adversariis</span> 
     </span>
     <span class='ocr_line' id='line_1_84' title="bbox 1055 1927 1812 1974; baseline 0.018 -14"><span class='ocrx_word' id='word_1_447' title='bbox 1055 1927 1218 1971; x_wconf 71' lang='lat' dir='ltr'>tantum,</span> <span class='ocrx_word' id='word_1_448' title='bbox 1245 1927 1313 1963; x_wconf 91' lang='lat' dir='ltr'>five</span> <span class='ocrx_word' id='word_1_449' title='bbox 1349 1929 1570 1972; x_wconf 78' lang='lat' dir='ltr'>facinorofis,</span> <span class='ocrx_word' id='word_1_450' title='bbox 1597 1948 1639 1970; x_wconf 88' lang='lat' dir='ltr'>eo</span> <span class='ocrx_word' id='word_1_451' title='bbox 1667 1936 1812 1974; x_wconf 78' lang='lat' dir='ltr'>consilio</span> 
     </span>
     <span class='ocr_line' id='line_1_85' title="bbox 1054 1976 1811 2035; baseline 0.02 -25"><span class='ocrx_word' id='word_1_452' title='bbox 1054 1976 1279 2021; x_wconf 82' lang='lat' dir='ltr'>officiebant,</span> <span class='ocrx_word' id='word_1_453' title='bbox 1307 1977 1362 2015; x_wconf 88' lang='lat' dir='ltr'>sed</span> <span class='ocrx_word' id='word_1_454' title='bbox 1398 1980 1437 2017; x_wconf 69' lang='grc' dir='ltr'><strong>ἃ</strong></span> <span class='ocrx_word' id='word_1_455' title='bbox 1471 1982 1554 2028; x_wconf 82' lang='lat' dir='ltr'>fibi,</span> <span class='ocrx_word' id='word_1_456' title='bbox 1582 1998 1621 2021; x_wconf 84' lang='lat' dir='ltr'>at</span> <span class='ocrx_word' id='word_1_457' title='bbox 1657 1986 1718 2035; x_wconf 77' lang='lat' dir='ltr'>ipfi</span> <span class='ocrx_word' id='word_1_458' title='bbox 1749 1990 1811 2025; x_wconf 78' lang='lat' dir='ltr'>Pa-</span> 
     </span>
     <span class='ocr_line' id='line_1_86' title="bbox 1055 2026 1809 2078; baseline 0.019 -17"><span class='ocrx_word' id='word_1_459' title='bbox 1055 2026 1143 2063; x_wconf 86' lang='lat' dir='ltr'>triae</span> <span class='ocrx_word' id='word_1_460' title='bbox 1179 2027 1278 2072; x_wconf 85' lang='lat' dir='ltr'>suae,</span> <span class='ocrx_word' id='word_1_461' title='bbox 1305 2043 1409 2078; x_wconf 84' lang='lat' dir='ltr'>quam</span> <span class='ocrx_word' id='word_1_462' title='bbox 1447 2041 1504 2069; x_wconf 88' lang='lat' dir='ltr'>tot</span> <span class='ocrx_word' id='word_1_463' title='bbox 1539 2037 1734 2073; x_wconf 85' lang='lat' dir='ltr'>commodis</span> <span class='ocrx_word' id='word_1_464' title='bbox 1769 2052 1809 2075; x_wconf 88' lang='lat' dir='ltr'>ac</span> 
     </span>
     <span class='ocr_line' id='line_1_87' title="bbox 1053 2078 1807 2129; baseline 0.02 -18"><span class='ocrx_word' id='word_1_465' title='bbox 1053 2078 1268 2114; x_wconf 83' lang='lat' dir='ltr'>ornamentis</span> <span class='ocrx_word' id='word_1_466' title='bbox 1296 2081 1512 2129; x_wconf 80' lang='lat' dir='ltr'>spoliabant,</span> <span class='ocrx_word' id='word_1_467' title='bbox 1542 2086 1575 2120; x_wconf 76' lang='grc'>8(</span> <span class='ocrx_word' id='word_1_468' title='bbox 1604 2087 1700 2124; x_wconf 86' lang='lat' dir='ltr'>aedes</span> <span class='ocrx_word' id='word_1_469' title='bbox 1727 2089 1807 2125; x_wconf 85' lang='lat' dir='ltr'>aliis</span> 
     </span>
     <span class='ocr_line' id='line_1_88' title="bbox 1054 2127 1808 2184; baseline 0.019 -22"><span class='ocrx_word' id='word_1_470' title='bbox 1054 2127 1250 2176; x_wconf 82' lang='lat' dir='ltr'>profuturas</span> <span class='ocrx_word' id='word_1_471' title='bbox 1278 2131 1411 2178; x_wconf 83' lang='lat' dir='ltr'>prorsus</span> <span class='ocrx_word' id='word_1_472' title='bbox 1439 2136 1662 2174; x_wconf 82' lang='lat' dir='ltr'>evertebant.</span> <span class='ocrx_word' id='word_1_473' title='bbox 1690 2141 1808 2184; x_wconf 82' lang='lat' dir='ltr'>Quare</span> 
     </span>
     <span class='ocr_line' id='line_1_89' title="bbox 1053 2178 1807 2226; baseline 0.019 -13"><span class='ocrx_word' id='word_1_474' title='bbox 1053 2191 1124 2214; x_wconf 88' lang='lat' dir='ltr'>non</span> <span class='ocrx_word' id='word_1_475' title='bbox 1144 2178 1326 2217; x_wconf 73' lang='lat' dir='ltr'>immerito</span> <span class='ocrx_word' id='word_1_476' title='bbox 1342 2184 1562 2222; x_wconf 86' lang='lat' dir='ltr'>Gualvaneus</span> <span class='ocrx_word' id='word_1_477' title='bbox 1581 2187 1623 2223; x_wconf 90' lang='lat' dir='ltr'>de</span> <span class='ocrx_word' id='word_1_478' title='bbox 1643 2189 1676 2224; x_wconf 87' lang='lat' dir='ltr'>la</span> <span class='ocrx_word' id='word_1_479' title='bbox 1693 2191 1807 2226; x_wconf 76' lang='lat' dir='ltr'>Flam-</span> 
     </span>
     <span class='ocr_line' id='line_1_90' title="bbox 1054 2232 1808 2276; baseline 0.017 -12"><span class='ocrx_word' id='word_1_480' title='bbox 1054 2241 1110 2265; x_wconf 89' lang='lat' dir='ltr'>ma</span> <span class='ocrx_word' id='word_1_481' title='bbox 1132 2232 1239 2266; x_wconf 85' lang='lat' dir='ltr'>Anno</span> <span class='ocrx_word' id='word_1_482' title='bbox 1263 2233 1486 2271; x_wconf 77' lang='lat' dir='ltr'><strong>MCCCXL.</strong></span> <span class='ocrx_word' id='word_1_483' title='bbox 1511 2237 1702 2275; x_wconf 69' lang='lat' dir='ltr'>laudabiles</span> <span class='ocrx_word' id='word_1_484' title='bbox 1727 2253 1808 2276; x_wconf 85' lang='lat' dir='ltr'>con-</span> 
     </span>
     <span class='ocr_line' id='line_1_91' title="bbox 1053 2278 1809 2333; baseline 0.017 -19"><span class='ocrx_word' id='word_1_485' title='bbox 1053 2278 1249 2317; x_wconf 84' lang='lat' dir='ltr'>suetudines</span> <span class='ocrx_word' id='word_1_486' title='bbox 1276 2295 1294 2318; x_wconf 81' lang='lat' dir='ltr'>a</span> <span class='ocrx_word' id='word_1_487' title='bbox 1330 2284 1544 2333; x_wconf 84' lang='lat' dir='ltr'>Principibus</span> <span class='ocrx_word' id='word_1_488' title='bbox 1577 2289 1809 2326; x_wconf 71' lang='lat' dir='ltr'>Vicecomiri-</span> 
     </span>
     <span class='ocr_line' id='line_1_92' title="bbox 1052 2330 1809 2376; baseline 0.016 -11"><span class='ocrx_word' id='word_1_489' title='bbox 1052 2330 1115 2366; x_wconf 83' lang='lat' dir='ltr'>bus</span> <span class='ocrx_word' id='word_1_490' title='bbox 1141 2331 1179 2366; x_wconf 92' lang='lat' dir='ltr'>in</span> <span class='ocrx_word' id='word_1_491' title='bbox 1208 2333 1337 2368; x_wconf 87' lang='lat' dir='ltr'>Urbem</span> <span class='ocrx_word' id='word_1_492' title='bbox 1372 2334 1674 2375; x_wconf 84' lang='lat' dir='ltr'>Mediolanensem</span> <span class='ocrx_word' id='word_1_493' title='bbox 1710 2341 1809 2376; x_wconf 74' lang='lat' dir='ltr'>inve-</span> 
     </span>
     <span class='ocr_line' id='line_1_93' title="bbox 1052 2380 1809 2425; baseline 0.011 -10"><span class='ocrx_word' id='word_1_494' title='bbox 1052 2380 1124 2416; x_wconf 64' lang='lat' dir='ltr'>&amp;as</span> <span class='ocrx_word' id='word_1_495' title='bbox 1152 2381 1346 2419; x_wconf 81' lang='lat' dir='ltr'>describens</span> <span class='ocrx_word' id='word_1_496' title='bbox 1375 2386 1494 2422; x_wconf 87' lang='lat' dir='ltr'>Tomo</span> <span class='ocrx_word' id='word_1_497' title='bbox 1527 2390 1606 2424; x_wconf 84' lang='lat' dir='ltr'><strong>XII.</strong></span> <span class='ocrx_word' id='word_1_498' title='bbox 1635 2392 1710 2425; x_wconf 89' lang='lat' dir='ltr'>Rer.</span> <span class='ocrx_word' id='word_1_499' title='bbox 1740 2391 1809 2423; x_wconf 83' lang='lat' dir='ltr'>Ita-</span> 
     </span>
     <span class='ocr_line' id='line_1_94' title="bbox 1052 2431 1808 2481; baseline 0.011 -16"><span class='ocrx_word' id='word_1_500' title='bbox 1052 2431 1149 2466; x_wconf 82' lang='lat' dir='ltr'>licar.</span> <span class='ocrx_word' id='word_1_501' title='bbox 1179 2445 1254 2481; x_wconf 79' lang='lat' dir='ltr'>pag.</span> <span class='ocrx_word' id='word_1_502' title='bbox 1295 2446 1402 2481; x_wconf 73' lang='lat'>104¹.</span> <span class='ocrx_word' id='word_1_503' title='bbox 1430 2435 1468 2472; x_wconf 89' lang='lat' dir='ltr'>in</span> <span class='ocrx_word' id='word_1_504' title='bbox 1496 2436 1580 2474; x_wconf 79' lang='lat' dir='ltr'>haec</span> <span class='ocrx_word' id='word_1_505' title='bbox 1618 2439 1714 2474; x_wconf 85' lang='lat' dir='ltr'>verba</span> <span class='ocrx_word' id='word_1_506' title='bbox 1755 2438 1808 2473; x_wconf 82' lang='lat' dir='ltr'>lo·-</span> 
     </span>
     <span class='ocr_line' id='line_1_95' title="bbox 1051 2482 1809 2531; baseline 0.009 -15"><span class='ocrx_word' id='word_1_507' title='bbox 1051 2482 1244 2529; x_wconf 79' lang='lat' dir='ltr'>quebatur:</span> <span class='ocrx_word' id='word_1_508' title='bbox 1274 2488 1382 2520; x_wconf 72' lang='lat' dir='ltr'>Sexta</span> <span class='ocrx_word' id='word_1_509' title='bbox 1411 2491 1485 2522; x_wconf 71' lang='lat' dir='ltr'>Lex</span> <span class='ocrx_word' id='word_1_510' title='bbox 1511 2490 1571 2531; x_wconf 66' lang='lat' dir='ltr'>est,</span> <span class='ocrx_word' id='word_1_511' title='bbox 1597 2489 1681 2531; x_wconf 74' lang='lat' dir='ltr'>quod</span> <span class='ocrx_word' id='word_1_512' title='bbox 1702 2490 1809 2524; x_wconf 65' lang='lat' dir='ltr'>domus</span> 
     </span>
     <span class='ocr_line' id='line_1_96' title="bbox 1051 2530 1812 2586; baseline 0.009 -19"><span class='ocrx_word' id='word_1_513' title='bbox 1051 2530 1326 2578; x_wconf 56' lang='lat' dir='ltr'>eabamtitorum,</span> <span class='ocrx_word' id='word_1_514' title='bbox 1348 2533 1406 2586; x_wconf 75' lang='lat' dir='ltr'>seu</span> <span class='ocrx_word' id='word_1_515' title='bbox 1437 2540 1636 2585; x_wconf 73' lang='lat' dir='ltr'>proditorum</span> <span class='ocrx_word' id='word_1_516' title='bbox 1669 2549 1728 2571; x_wconf 82' lang='lat' dir='ltr'>non</span> <span class='ocrx_word' id='word_1_517' title='bbox 1754 2540 1812 2586; x_wconf 74' lang='lat' dir='ltr'>de-¹</span> 
     </span>
     <span class='ocr_line' id='line_1_97' title="bbox 1139 2583 1758 2636; baseline 0.018 -23"><span class='ocrx_word' id='word_1_518' title='bbox 1139 2583 1170 2631; x_wconf 63' lang='grc' dir='ltr'><strong><em>ξ</em></strong></span> <span class='ocrx_word' id='word_1_519' title='bbox 1198 2594 1222 2632; x_wconf 64' lang='lat'>,²3</span> <span class='ocrx_word' id='word_1_520' title='bbox 1566 2585 1758 2636; x_wconf 43' lang='lat' dir='ltr'>struantur]</span> 
     </span>
    </p>
   </div>
  </div>
 </body>
</html>
