2248 3136
459 224 541 281 ιμ’
753 229 1166 287 ANTIQUIT.
1207 229 1443 271 MEDII
1480 230 1664 275 'AEVJ
1882 238 1967 291 17⁴2.>

379 295 429 318 co
445 286 490 319 V.
513 283 600 334 Regi
618 284 791 332 Populum
810 288 1006 321 Romanum
1021 313 1030 330 ‚
1051 291 1150 321 stau·
1188 289 1221 324 A
1263 288 1447 324 tummodo
1474 290 1548 326 veri
1585 291 1675 327 mihi
1713 291 1851 329 videtur
1885 294 2020 339 simile,

383 338 554 379 rophoros,
587 336 813 381 Aquiltferos,
844 337 1054 381 Lnniferos,
1085 341 1147 372 Lu-

379 385 502 431 piferos
519 410 529 426 ,
557 387 600 420 Ο·
627 389 871 424 Draconarios.
911 387 1010 423 Paria
1047 390 1148 436 Signa

383 445 485 472 vetus
516 439 628 472 Roma
665 437 858 486 praetulit;
886 442 916 472 δι
946 451 965 473 a
995 439 1148 487 Panegy-

381 485 459 522 riste
489 487 693 536 Berengarii
721 487 866 536 Augusti
896 487 979 524 Lib.
1006 501 1041 534 4.
1079 503 1147 525 me-

381 547 541 574 moratur
568 540 713 574 Senatus
742 541 943 582 Romnum,

378 641 570 685 Pracfigens
591 638 730 687 sudibus
757 641 857 675 rmus
875 639 949 685 fine
974 651 1072 673 carne
1088 639 1145 686 fi-

483 704 596 726 rarum
611 717 618 724 .

383 792 514 827 Verum
543 791 690 839 Infignia
718 790 861 839 quidem
890 792 1048 839 Regum,
1079 792 1145 827 Po-

379 843 542 890 pulorum
561 866 572 881 ‚
609 843 808 890 Legionum
840 841 901 877 ista
927 841 1043 882 fuere,
1074 854 1144 877 non

383 895 466 928 verb
507 891 717 928 hereditaria
755 891 927 927 Familiae
969 892 1142 940 alicujus.

382 943 523 978 Fabulis
552 956 676 992 parco,
704 955 789 990 quas
819 941 1056 978 liberaliffime
1084 950 1144 978 aut

378 994 503 1041 vulgus
522 1020 532 1037 ‚
570 1002 630 1028 aut
658 992 880 1028 affentatores
907 992 945 1027 in
974 992 1141 1028 honorem

378 1042 560 1079 illustrium
606 1043 836 1079 familiarum
882 1043 971 1078 olim
1021 1056 1142 1087 procu-

377 1093 524 1129 derunt.
563 1096 688 1141 Neque
715 1095 818 1129 Scuta
850 1102 932 1129 ante
959 1094 1140 1129 Saeculum

376 1142 511 1180 Christi
541 1144 778 1180 Undecimum
807 1144 917 1179 ullum
945 1146 1074 1179 avitum
1102 1142 1141 1178 si-
1168 1184 1170 1190 Ι

380 1207 486 1243 gnum
511 1208 591 1244 prae
615 1195 648 1230 se
674 1194 789 1230 tulisse
815 1194 1022 1231 ereduntur.
1049 1195 1142 1230 Nor-

379 1257 589 1281 mannorum
618 1247 723 1280 Scuta
753 1246 839 1289 picra
867 1243 969 1279 nobis
996 1243 1141 1280 exhibet

375 1295 417 1330 ad
453 1298 598 1331 Annum
636 1295 993 1330 DGCCLxxxvn.
1021 1295 1140 1330 Tomo

379 1356 412 1380 2.
441 1347 604 1394 Scriptor.
633 1347 757 1380 Franc.
789 1343 1035 1388 Dii-chesnii,
1066 1345 1140 1380 Ab·

373 1397 420 1431 bo
448 1394 649 1431 Monachus
688 1394 804 1430 Sanfi’ci
837 1396 1003 1430 Germani
1045 1394 1140 1430 Pari-

372 1444 483 1481 fienfis
511 1446 600 1482 Lib.
628 1444 740 1494 primo
767 1444 819 1480 sui
849 1446 1023 1480 Poematis
1040 1471 1050 1486 ,
1079 1447 1140 1479 ob-

373 1495 540 1531 sidionem
570 1494 778 1531 Parisiorum
806 1493 1022 1530 describens.
1052 1496 1138 1529 Non

372 1545 555 1581 diffimilia
579 1554 678 1581 erant
699 1543 827 1580 incolis
852 1545 1048 1579 Britanniae
1069 1545 1139 1580 Mi-

373 1596 472 1632 noris
501 1598 611 1632 Anno
640 1596 912 1631 DCCGXVIII.
941 1607 1048 1641 quum
1081 1607 1138 1630 eo-

372 1660 450 1683 rum
496 1649 571 1683 Rex
614 1645 848 1682 Murmannus
891 1645 1059 1680 rebellem
1106 1644 1138 1681 se
1175 1641 1210 1676 D

368 1696 527 1745 prodidit
555 1696 740 1733 Ludovico
768 1695 831 1731 Pio
858 1694 1034 1742 Augusto.
1064 1697 1137 1730 Ha-

371 1749 436 1783 beo
463 1747 579 1783 testem
608 1746 813 1782 Ermoldum
842 1744 1028 1793 Nigellum
1054 1745 1136 1781 Lib.

372 1810 406 1845 3.
432 1797 473 1833 de
502 1799 586 1833 Reb.
613 1796 691 1845 gest.
721 1795 868 1844 ejusdem
895 1794 1137 1843 Imperatoris,

365 1851 398 1883 in
430 1849 598 1884 poemate
627 1860 645 1882 a
684 1859 739 1882 me
771 1846 937 1894 evulgato
968 1847 1061 1881 Part.
1089 1847 1136 1881 11.

368 1900 478 1934 Tomi
507 1900 553 1934 11.
587 1900 666 1934 Rer.
697 1896 918 1933 Italicarum.
957 1895 1071 1931 Immo
1106 1895 1136 1932 is

369 1948 513 1985 innuere
536 1948 624 1984 mihi
647 1947 807 1986 videtur,
829 1949 1041 1982 francorum
1063 1947 1136 1992 cly-

368 2012 450 2046 peos
478 2000 580 2034 nullo
610 2000 726 2034 colore
765 1997 864 2033 fuiffe
901 1995 1017 2032 illitos
1036 2023 1046 2041 ,
1076 2005 1136 2033 aut

366 2048 388 2083 fi
416 2048 578 2085 indusias
606 2049 651 2085 iis
674 2049 772 2084 color
799 2047 890 2086 fuit,
915 2047 1032 2082 album
1061 2055 1137 2082 tan-

369 2100 553 2135 tummodo
586 2099 706 2134 fuisse.
745 2098 875 2146 Aiebat
913 2097 1006 2133 enim
1036 2099 1136 2133 Mur·
1161 2092 1220 2139 ιΕ,

365 2161 510 2185 mannus
537 2150 579 2185 ad
607 2152 789 2198 Legatum
819 2147 1022 2185 Ludovici:

369 2255 468 2286 Scuta
497 2252 577 2285 mihi
608 2251 726 2296 fucata
737 2273 748 2291 ‚
781 2261 889 2286 tamen
918 2248 999 2298 fitne
1024 2249 1134 2285 candi-

471 2303 512 2334 da
541 2303 631 2336 vobis
648 2327 657 2336 .

373 2404 462 2448 Quo
499 2410 612 2438 autem
654 2414 771 2438 revera
814 2409 967 2449 tempore
1004 2400 1134 2447 clypeis

377 2451 519 2488 inscribi
548 2460 669 2500 coepta
696 2452 782 2491 sint,
811 2465 897 2499 quae
925 2463 1016 2486 nune
1054 2463 1135 2499 gen-

378 2504 484 2538 tilitia
510 2501 655 2551 Insignia
681 2502 920 2548 appellantur,
943 2500 1054 2536 adhuc
1079 2502 1133 2536 ab·

378 2553 490 2589 ditum
517 2552 589 2598 cst,
625 2551 715 2589 mihi
751 2551 892 2588 saltem.
931 2550 1023 2588 Illud
1059 2558 1135 2587 tan-

1262 345 1321 372 aut
1357 351 1376 374 a
1414 341 1556 387 publicis
1589 342 1748 386 Docilis,
1784 354 1847 379 aut
1882 357 1900 379 a
1927 346 2018 380 Tor-

1261 392 1449 425 neamentis
1486 402 1566 427 ante
1593 394 1737 428 Annum
1771 395 1949 430 MLxVI.
1981 407 2018 430 a-

1261 439 1327 484 pud
1356 440 1479 476 Gallos
1515 442 1696 481 institutis,
1733 443 1786 479 uti
1823 444 2014 481 scribebam

1260 489 1292 522 in
1316 489 1563 528 Differ-tatione
1591 495 1719 529 XXIX.
1743 498 1781 528 de
1802 497 2016 539 Spe-Haculis,

1258 547 1316 573 aux
1344 553 1362 574 a
1390 539 1482 576 sacro
1511 544 1610 578 Bulo
1640 557 1697 590 per
1723 547 1870 580 Latinos
1897 545 1935 580 in
1961 547 2013 580 0-

1257 591 1367 624 riente
1398 590 1457 625 sub
1485 591 1589 626 finem
1621 593 1769 640 ejusdem
1809 595 1923 631 Seculi
1962 599 2014 631 in*

1255 637 1404 678 chono,
1425 644 1456 674 δι
1485 654 1543 688 per
1564 642 1633 676 duo
1660 643 1763 678 ferme
1783 646 1903 680 Secula
1931 658 2013 681 con-

1255 690 1421 728 tinuato,
1462 690 1634 740 originem
1672 691 1801 730 duxisse
1841 694 2013 743 ejusmodi

1255 738 1359 786 Signa
1390 740 1518 788 clypeis
1549 741 1696 790 depiffis
1725 743 1902 792 impu-effa.
1939 745 2012 780 Sci-

1253 788 1339 824 licet
1369 788 1407 825 in
1439 793 1707 832 certaminibus,
1744 802 1849 841 atque
1883 793 1920 829 in
1953 807 2014 841 pu-

1254 838 1353 875 blicis
1380 841 1514 883 Ludis.
1540 852 1581 878 ut
1610 842 1748 878 Milites
1778 845 1866 879 alter
1892 845 1935 879 ab
1961 844 2012 879 al-

1252 897 1328 925 tero
1348 889 1659 940 distinguerentur,
1680 893 1835 929 tesseram
1856 894 2011 942 aliquam

1249 939 1410 975 omnium
1433 943 1548 978 oculis
1571 944 1712 979 obviam
1739 944 1774 978 in
1801 947 1907 980 Scuto
1933 944 2011 990 pin-

1250 990 1398 1038 gendam
1435 994 1627 1028 curabant.
1663 993 1802 1030 Aufilor
1836 994 1881 1030 est
1918 995 2011 1030 Wil-

1250 1041 1376 1076 lelmus
1419 1040 1740 1078 Malmesburiensis
1777 1044 1859 1079 Lib.
1897 1055 1930 1091 3.
1966 1043 2008 1079 de

1249 1089 1339 1126 Gest.
1373 1093 1456 1140 Reg.
1488 1094 1637 1141 Anglor.
1664 1092 1873 1129 Gaufridum
1913 1096 2010 1129 Mar-

1249 1141 1376 1176 tellum
1419 1142 1446 1177 {-
1484 1142 1784 1190 Andegavensium
1823 1143 2008 1180 Comitem

1249 1200 1424 1227 certamen
1459 1192 1623 1228 obtulisse
1659 1193 1845 1229 Willelmo
1883 1194 2008 1230 Notho

1250 1242 1489 1278 Normanniae
1516 1243 1609 1278 Duei
1626 1267 1636 1283 ‚
1673 1242 1731 1279 cui
1757 1246 1884 1280 eximii
1913 1258 2009 1279 arro-

1242 1294 1365 1335 gantia
1391 1297 1523 1327 colorem
1558 1294 1632 1337 equi
1659 1293 1739 1340 fixi,
1774 1296 1816 1328 <9-
1843 1307 2007 1330 armorum

1247 1343 1412 1387 Irfignia,
1439 1355 1521 1389 quae
1548 1343 1722 1378 habiturus
1740 1343 1812 1388 fit,
1840 1346 1985 1389 insinuat·
2001 1370 2010 1378 .

1247 1392 1342 1429 Asta
1374 1392 1457 1429 haee
1484 1393 1649 1429 videntur
1676 1396 1784 1429 Anno
1811 1394 2011 1431 Mvan.

1248 1442 1329 1478 teste
1356 1443 1540 1479 willelmo
1565 1442 1835 1479 Gemmeticenfi
1862 1446 1941 1481 Lib.
1966 1456 2005 1492 7.

1247 1491 1378 1528 Hister.
1408 1494 1603 1529 Normann.
1641 1495 1736 1543 Ergo
1774 1494 1854 1529 hinc
1884 1495 2008 1532 inferre

1247 1542 1356 1586 licet,
1384 1543 1534 1580 Nobiles
1570 1543 1613 1579 ad
1649 1552 1823 1580 certamen
1860 1544 2006 1594 Signum

1246 1593 1401 1629 attulifl'e
1427 1593 1568 1641 aliquod
1591 1594 1629 1630 in
1651 1594 1755 1630 armis
1780 1594 2009 1642 inscriptum,

1248 1656 1307 1692 per
1342 1643 1436 1691 quod
1476 1644 1569 1680 inter
1598 1653 1729 1680 ceteros
1765 1644 2007 1693 dignosceren-

1248 1702 1325 1729 tur.
1353 1694 1484 1728 Verum
1512 1693 1596 1729 haec
1624 1695 1728 1742 Signa
1755 1696 1909 1730 nondum
1939 1699 2004 1732 Fa.

1248 1742 1369 1778 miliae
1408 1745 1543 1791 propria
1578 1754 1708 1784 erant,
1748 1744 1803 1780 sed
1839 1745 2004 1793 unusqui-

1247 1792 1329 1840 sque
1356 1805 1418 1841 pro
1445 1793 1553 1828 libito
1577 1792 1636 1828 sibi
1665 1793 1840 1831 sumebat:
1870 1795 2006 1842 alioqui

1246 1842 1339 1878 nihil
1375 1840 1518 1885 fuisset,
1554 1843 1648 1891 quod
1684 1845 1810 1880 Comes
1842 1845 2004 1894 Andega-

1246 1892 1354 1929 vensis
1380 1892 1578 1929 clariffimus
1605 1895 1763 1941 Princeps
1789 1894 1937 1944 Insignia
1964 1895 2002 1930 fi-

1247 1944 1280 1979 bi
1317 1943 1510 1979 adhibenda
1536 1944 1747 1980 Guillielmo
1778 1947 1867 1981 Duci
1901 1945 2004 1994 figni-

1247 1993 1397 2030 ficafl‘et.
1425 1994 1550 2030 Iisdem
1578 2007 1718 2042 quoque
1743 1995 1922 2041 Insignibus
1948 2010 2002 2030 ar-

1246 2058 1366 2080 morum
1403 2044 1449 2080 usi
1487 2044 1627 2081 fuerunt
1662 2046 1700 2081 in
1740 2048 1829 2081 {acra
1861 2045 2004 2093 expedi-

1245 2099 1339 2131 tione
1376 2094 1701 2141 Hierosolymitana
1736 2104 1792 2132 tot
1826 2096 2002 2133 Occiden-

1244 2145 1291 2181 tis
1319 2145 1492 2182 Nationes
1509 2172 1520 2190 ,
1551 2145 1749 2191 Principes,
1777 2159 1815 2183 ac
1843 2146 1999 2191 Milites,

1244 2205 1285 2234 ut
1311 2195 1430 2231 senfim
1458 2195 1551 2231 inter
1577 2195 1610 2232 se
1636 2196 1894 2233 distinaionem
1924 2210 1999 2244 pro-

1245 2257 1404 2282 curarent
1439 2245 1609 2295 ejusmodi
1646 2249 1805 2282 ratione.
1844 2245 2002 2282 Crucem

1245 2296 1445 2345 praesertim
1475 2295 1595 2330 diversi
1625 2296 1755 2331 coloris
1786 2299 1819 2330 in
1848 2297 2001 2333 vexillis

1245 2346 1432 2382 adhibuere
1461 2344 1631 2380 Nationes
1648 2369 1658 2385 ‚
1696 2358 1735 2381 ae
1761 2345 1865 2382 unius
1894 2347 2000 2383 Urbis

1247 2395 1393 2445 Populi.
1431 2397 1550 2441 Quum
1586 2404 1702 2431 autem
1735 2395 1795 2431 sub
1825 2408 1867 2432 eo
1895 2396 2003 2445 Signo

1247 2446 1415 2483 celebrem
1455 2446 1658 2494 plerumque
1694 2445 1822 2482 famam
1850 2447 1908 2482 fibi
1945 2461 2002 2496 pe-

1246 2496 1409 2546 perissent
1444 2495 1592 2533 Nobiles
1627 2509 1667 2532 ac
1703 2496 1809 2533 fortes
1836 2497 1936 2537 viri,
1972 2498 2002 2535 i-

1246 2548 1321 2585 dem
1346 2555 1530 2598 propterea
1555 2546 1722 2596 Signum,
1749 2556 1828 2584 ante
1856 2549 2001 2585 arbitra-

1843 2611 1954 2641 num,
