2248 3136
276 213 348 271 '29⁰

459 203 851 245 DissERTATm
881 203 1593 263 QUINQL'AGESIMAPRIMA.
1726 228 1777 265 30

210 259 445 304 Bononienses
472 261 625 310 Guelphi
651 261 744 296 nihil
771 260 886 295 minus
908 273 964 295 co·
1001 266 1038 297 A
1078 259 1140 295 nili
1179 261 1360 297 intestinae
1391 262 1604 304 fimultates,
1631 266 1771 308 exmia,
1797 271 1832 306 δε

207 317 387 363 gitarent,
424 312 529 360 quam
557 312 842 359 circumjacentes
878 323 962 357 quo-

203 363 288 411 sque
306 362 385 399 suae
406 363 590 412 adjungere
606 360 758 396 ditioni.
777 359 856 396 Pari
877 374 964 408 quo-

202 426 272 462 que
311 414 448 450 ratione
490 411 606 447 Pisani
662 411 854 460 praetulere
894 410 963 447 fere

204 465 338 513 semper
376 463 640 499 Gibellinorum
684 460 828 506 foedus,
870 462 963 509 quod

205 514 267 550 suo
296 515 416 562 jugulo
443 512 629 548 imminere
666 521 845 548 cernerent
884 513 962 547 Flo·

203 565 354 601 rentiam
369 590 378 608 ‚
396 563 529 599 Urbem
547 562 821 612 potentiffimam
835 589 845 607 ,
857 563 964 598 Guel—

205 615 352 663 pharum
388 615 458 649 fere
498 614 632 663 semper
667 613 822 662 partium
859 612 963 648 sesta-

205 664 352 700 tricem.
392 664 588 708 Postremo,
624 672 663 699 ut
699 664 811 699 multa
847 663 964 712 paucis

209 714 447 764 comple&ar‚
475 728 564 761 quae
590 717 724 762 prima,
752 723 856 761 atque
883 713 966 749 ulti-

206 777 264 801 ma
285 765 507 801 consiliorum
529 765 622 801 ratio
643 764 680 800 in
703 764 859 813 politicis
880 763 965 799 sem-

207 829 269 864 per
297 815 391 859 fuit,
419 815 618 863 semperque
645 815 739 857 erit,
766 827 890 862 nempe
912 813 964 849 U—

207 866 350 910 tilitas,
378 866 460 902 haec
488 865 648 900 usitatior
684 865 794 900 caussa
820 865 965 900 dicenda

206 915 274 959 est,
294 929 354 952 cur
380 926 440 952 aut
468 918 704 951 Romanorum
729 914 965 959 Pontificum,

208 976 270 1002 aut
298 968 552 1015 Imperatorum
581 975 694 1013 partes
713 992 722 1009 ,
749 965 817 1000 sive
844 966 965 1001 Gibel-

210 1016 389 1059 linorum,
427 1015 740 1064 Guelphorumque
776 1015 902 1051 sustam
930 1029 967 1050 ο-

209 1066 275 1102 lim
304 1066 503 1114 Optimatcs
538 1079 579 1101 ac
617 1065 744 1112 Populi
780 1065 966 1112 ampleRe-

206 1124 351 1160 rentur,
378 1129 520 1163 eamque
546 1115 722 1151 interdum
762 1125 962 1151 mutarent:

208 1178 322 1213 neque
348 1165 442 1202 enim
469 1165 550 1201 aliis
577 1165 763 1214 principiis
785 1167 966 1214 regebatur
1003 1165 1036 1202 C

207 1217 356 1264 antiquo
401 1225 559 1264 tempore
605 1216 789 1252 hominum
836 1230 965 1266 genus,

207 1268 314 1315 quam
342 1265 469 1313 quibus
497 1265 609 1300 nostro
635 1266 788 1313 regitur.

256 1318 309 1350 Ita
337 1314 472 1354 enatis,
496 1313 533 1349 &
561 1314 600 1349 in
629 1316 817 1362 perniciem
841 1316 965 1352 Italiae

205 1363 424 1400 confirmatis
452 1363 582 1398 duabus
610 1363 702 1398 hisce
736 1366 963 1402 Fastionibus

203 1413 267 1450 sub
309 1413 488 1449 friderico
529 1411 743 1461 potiffimiim
785 1414 964 1453 Secundo,

204 1464 374 1513 quaedam
401 1477 446 1499 ex
474 1463 611 1500 Italicis
652 1464 805 1499 Urbibus
836 1466 964 1500 Roma-

206 1527 255 1550 no
284 1512 474 1554 Pontifici,
500 1513 668 1562 quaedam
694 1514 903 1562 Imperatori
932 1514 964 1551 se

205 1564 240 1601 se
266 1565 502 1602 devoverunt.
531 1567 657 1601 Parum
685 1564 722 1601 id
747 1565 835 1601 fuit.
859 1567 899 1601 In
927 1564 965 1600 fi-

205 1628 291 1652 num
317 1615 467 1665 ipsarum
497 1615 649 1651 Urbium
680 1615 798 1652 eadem
836 1615 964 1652 discor-

204 1666 262 1703 dia
305 1666 524 1716 penetravit,
564 1665 736 1714 sciditque
773 1666 961 1702 Nobilium

204 1716 407 1765 praesertim
444 1716 598 1752 familias
615 1740 624 1755 ‚
652 1719 700 1751 ita
727 1726 766 1752 ut
802 1716 864 1752 vix
892 1718 962 1752 ulla

202 1766 306 1806 esset,
348 1779 436 1814 quae
478 1765 678 1813 hujusmodi
725 1767 849 1802 morbo
893 1780 962 1802 non

204 1817 394 1852 laboraret.
421 1817 526 1863 Quod
555 1829 663 1864 nuper
690 1830 732 1852 ex
764 1816 962 1853 Ricordano

202 1866 400 1915 Malaspina
420 1868 461 1903 de
483 1866 694 1903 Florentinis
715 1866 846 1902 fabium
868 1881 961 1903 corn-

201 1920 416 1961 memoravi‚
445 1917 480 1953 id
508 1920 542 1953 in
571 1917 738 1966 plerisque
765 1918 840 1954 aliis
869 1918 961 1954 aeci-

201 1967 286 2003 diffe
321 1967 476 2004 Historia
516 1968 678 2004 testatur.
718 1969 841 2016 Neque
881 1968 961 2004 satis

202 2016 240 2052 id
267 2017 355 2054 fuit.
384 2020 516 2054 Eodem
545 2019 623 2055 viru
650 2017 788 2054 afflatae
825 2019 881 2054 vel
910 2018 961 2067 ip—

203 2066 258 2102 sae
293 2067 474 2108 familiae,
510 2069 548 2105 in
584 2082 659 2105 earn
698 2069 865 2104 devenere
903 2069 987 2105 de-⁵

204 2117 402 2160 mendam,
442 2127 480 2153 ut
517 2132 767 2166 nonnunquam
805 2129 960 2166 parentes

205 2178 309 2202 unam
323 2190 333 2206 ‚
353 2167 456 2203 liberi
482 2170 563 2203 vero
591 2169 734 2203 alteram
756 2169 960 2206 Faffionem

203 2224 361 2264 tempore
388 2217 508 2253 eodem
537 2217 804 2265 profiterentur:
834 2220 868 2254 δ(
895 2219 961 2256 fra—

202 2275 296 2311 tres,
323 2267 447 2303 nedum
477 2267 605 2316 reliqui
633 2267 797 2316 sanguine
824 2278 884 2304 aut
911 2269 960 2305 af-

203 2317 342 2355 finitate
379 2317 512 2367 jumen,
539 2318 633 2354 inter
669 2317 701 2354 se
737 2317 960 2361 diffiderent,

203 2378 308 2416 atque
335 2368 371 2404 in
400 2368 682 2416 perniciofiffima
716 2382 789 2404 non
817 2383 894 2405 raro
921 2383 959 2406 o-

201 2418 261 2454 dia
298 2418 447 2455 viciffim
484 2429 705 2466 raperentur.
741 2419 839 2466 Quid
876 2434 958 2470 ergo

200 2469 295 2505 aliud
323 2470 589 2519 exspe&andum
627 2469 695 2506 suit
721 2483 764 2506 ex
793 2479 895 2506 tanto
922 2485 956 2507 a·

197 2518 404 2567 mimorum,
443 2520 736 2569 consiliorumque
786 2520 923 2559 dissidio
941 2548 953 2568 ,

1078 318 1219 345 mutuae
1246 312 1386 356 caedes,
1413 323 1518 361 atque
1545 315 1667 364 ingens
1702 327 1833 363 pertur-

1078 360 1176 395 batio
1198 360 1377 406 Urbium,
1397 362 1508 399 immo
1528 366 1562 400 8<
1584 369 1832 407 nonnullarum

1078 409 1233 458 suprema
1262 424 1368 458 paene
1394 413 1517 449 ruina?
1549 417 1589 450 In
1617 416 1757 465 lingulis
1786 419 1832 456 sa-

1078 473 1120 495 ne
1148 460 1307 497 Urbibus
1335 462 1454 499 liberis
1481 474 1626 513 utraque
1666 481 1739 515 pars
1767 483 1834 506 ma-

1079 511 1167 557 jores
1204 513 1429 560 Magistratus
1466 515 1668 556 ambiebat,
1706 520 1834 567 prima-

1077 561 1158 609 sque
1194 570 1311 598 tenere
1345 563 1533 609 cupiebat.
1571 568 1694 603 Altera
1731 571 1833 608 alteri

1077 611 1191 660 gravis
1228 626 1268 648 ac
1305 614 1446 650 molesta
1482 613 1584 651 facile
1620 620 1832 671 apparebat3

1076 675 1181 708 quare
1207 661 1245 698 in
1271 664 1422 712 publicis
1445 665 1597 702 consiliis
1622 668 1665 702 ad
1695 679 1834 705 contrav

1076 712 1127 747 ria
1154 713 1262 749 studia
1291 727 1329 750 ac
1351 715 1463 764 jurgia
1486 716 1582 765 saepe
1607 719 1833 765 prolabeban-

1077 772 1154 798 tur.
1181 765 1274 799 Tum
1301 766 1464 803 meditari
1493 767 1716 805 clandestinas
1750 784 1834 806 con-

1076 813 1290 861 jurationes,
1322 816 1360 851 in
1396 815 1602 854 seditionem
1638 820 1763 857 deinde
1798 834 1833 857 e-

1076 877 1254 912 rumpere,
1275 866 1309 900 &
1332 866 1437 901 armis
1460 869 1629 914 experiri,
1653 879 1730 906 utra
1756 884 1833 919 pars

1077 916 1151 962 plus
1178 916 1307 964 poffet.
1332 917 1480 952 Solenne
1506 917 1612 953 etiam
1642 917 1731 964 fuit,
1759 922 1832 965 pla-

1076 975 1171 1005 teas,
1211 978 1251 1001 ac
1293 967 1476 1015 praecipue
1517 971 1672 1005 omnium
1718 970 1831 1006 maxi-

1076 1028 1191 1055 mam,
1217 1029 1405 1065 occupare.
1433 1020 1505 1064 Qui
1541 1019 1635 1054 enim
1672 1019 1745 1063 ibi,
1773 1021 1832 1056 de-

1077 1067 1222 1102 turbatis
1246 1068 1416 1112 aemulis,
1438 1069 1544 1105 sortes
1574 1069 1832 1113 perseverabant

1076 1115 1113 1151 in
1142 1121 1264 1158 armis.
1292 1119 1495 1166 plerumque
1522 1118 1707 1156 vistoriam
1742 1120 1832 1157 ceci-

1077 1179 1180 1202 nere.
1205 1167 1330 1204 Vistos
1358 1169 1464 1205 Cives
1489 1183 1528 1205 ea
1553 1171 1621 1206 sors
1650 1174 1832 1211 manebat,

1077 1227 1116 1253 ut
1143 1226 1203 1253 aut
1238 1218 1360 1267 sponte
1397 1219 1507 1255 solum
1546 1230 1741 1266 verterent,
1771 1230 1832 1259 aut

1076 1267 1184 1303 inviti
1210 1267 1248 1304 in
1273 1268 1430 1304 exsilium
1459 1271 1697 1308 truderentur.
1720 1274 1747 1307 Ii
1773 1286 1832 1308 au-

1077 1327 1148 1353 tem
1176 1318 1216 1353 ad
1255 1318 1361 1354 socias
1389 1320 1562 1355 Civitates
1598 1321 1630 1355 se
1659 1322 1689 1356 se
1717 1322 1832 1358 confe-

1077 1369 1219 1409 rebant,
1259 1369 1293 1402 &
1333 1369 1454 1413 quibus
1496 1379 1659 1415 poterant
1697 1371 1830 1407 artibus

1077 1426 1115 1449 ac
1152 1414 1288 1452 modis,
1326 1416 1474 1462 patriam
1511 1419 1689 1465 recipere,
1726 1430 1829 1467 atque

1076 1463 1221 1500 aemulis
1249 1464 1359 1500 vicem
1389 1466 1573 1514 rependere
1595 1471 1831 1507 conabantur.

1076 1514 1111 1550 Si
1139 1528 1190 1550 res
1217 1515 1302 1550 bene
1329 1515 1491 1556 cedebat,
1517 1517 1724 1563 adversarii,
1748 1533 1831 1556 con-

1075 1564 1172 1600 verso
1209 1564 1367 1601 fortunae
1395 1568 1517 1607 vultu,
1545 1569 1585 1603 ad
1622 1568 1738 1616 fugam
1776 1584 1832 1607 ca-

1077 1615 1267 1662 pessendam
1309 1616 1537 1665 adigebantur
1577 1620 1612 1654 ὃ(
1654 1615 1736 1667 i‘pfi.
1777 1624 1829 1657 lta.

1075 1666 1204 1701 fafitum
1243 1666 1310 1709 est,
1346 1678 1386 1702 ut
1421 1668 1598 1705 Civitates
1634 1673 1830 1717 complures

1075 1716 1170 1763 saepe
1194 1716 1348 1752 viderint
1372 1719 1477 1754 modo
1500 1733 1624 1760 unam,
1650 1723 1754 1756 modo
1781 1723 1831 1757 al-

1074 1776 1182 1801 teram
1225 1767 1428 1803 Fafi‘cionem
1467 1769 1670 1817 profugam,
1711 1773 1742 1805 ὅ(
1786 1785 1829 1808 ex

1074 1817 1228 1852 culmine
1263 1818 1404 1866 imperii
1441 1832 1479 1854 ac
1515 1833 1618 1868 opum
1649 1821 1686 1856 in
1716 1821 1828 1858 imum

1074 1881 1313 1903 aerumnarum
1358 1868 1576 1916 prolapsam.
1619 1873 1670 1907 Eo
1711 1882 1829 1908 autem

1073 1918 1311 1954 collineabant
1347 1919 1526 1967 utriusque
1567 1921 1684 1958 Seciae
1721 1922 1828 1958 confi-

1071 1969 1143 2007 lia,
1178 1978 1217 2003 ut
1253 1970 1422 2016 quantum
1462 1971 1594 2018 possent
1629 1972 1738 2008 socios
1775 1973 1827 2010 sui

1071 2017 1226 2053 nominis
1265 2029 1506 2068 protegerent,
1536 2030 1735 2061 tuerentur,
1766 2036 1824 2060 au-

1070 2078 1210 2117 gerent.
1240 2071 1356 2105 Nemo
1392 2080 1485 2110 erat,
1514 2072 1574 2119 qui
1605 2086 1672 2108 non
1711 2073 1824 2109 solici-

1070 2127 1160 2154 tat-et
1201 2118 1374 2155 finitimos
1411 2122 1542 2157 amicos
1583 2123 1624 2158 ad
1661 2124 1827 2171 arripien-

1069 2169 1148 2204 dam
1177 2169 1478 2211 dominationem,
1507 2183 1611 2221 atque
1638 2174 1678 2209 ad
1707 2183 1824 2210 extur-

1069 2220 1199 2256 bandos
1241 2221 1405 2257 contrarii
1449 2221 1549 2258 studii
1591 2226 1715 2261 Cives.
1753 2223 1826 2261 Ubi

1068 2271 1175 2306 etiam
1203 2271 1336 2307 occasio
1364 2271 1395 2308 se
1423 2272 1455 2309 se
1482 2273 1674 2314 offerebat,
1704 2275 1738 2311 vi
1766 2274 1823 2310 ad-

1067 2320 1209 2366 hibita,
1236 2335 1275 2357 ac
1313 2323 1406 2359 bello
1442 2325 1613 2372 cogebant
1651 2326 1822 2373 Populum

1067 2373 1326 2408 conterminum
1365 2374 1405 2408 ad
1434 2375 1632 2422 ejurandam
1669 2375 1822 2411 Sasiam,

1067 2434 1155 2468 quae
1184 2422 1447 2464 dominabatur,
1475 2435 1579 2469 atque
1617 2425 1659 2462 ad
1690 2431 1823 2460 contra-

1065 2472 1153 2507 riam
1181 2472 1478 2514 ampleffiendam
1507 2478 1594 2521 Qua
1634 2488 1675 2510 ex
1702 2485 1737 2508 re
1763 2471 1824 2506 suo

1065 2521 1197 2560 foederi
1234 2535 1327 2560 nova
1370 2524 1514 2562 acceffio
1547 2522 1728 2607 potenti?
1764 2521 1824 2558 fie-

1717 2580 1777 2608 at·
