2248 3136
254 238 334 284 631
518 227 616 266 EX

200 337 290 375 misit
323 337 519 371 Brunonem
561 332 772 381 Episcopum
809 331 957 366 Tullen-

204 389 302 427 sem,
347 390 459 421 virum
501 384 693 428 {implicem
731 385 764 417 &
803 383 960 426 bonum,

201 439 263 487 qui
292 438 334 473 ad
373 438 499 472 Urbem
540 434 680 469 veniens
718 447 776 481 per
811 432 960 469 Clunia-

201 503 281 527 cum
314 487 492 524 tranfivit.
523 486 581 521 ubi
612 485 832 520 ildebrandus
865 483 961 518 Prior

202 538 411 578 Monasterii
450 536 505 572 illi
547 537 619 576 ait,
661 535 860 578 illicitum,
906 546 963 579 per

201 591 398 627 Secularem
429 600 566 622 manum
604 585 894 635 gubernationem
926 598 960 618 u—

203 639 387 676 niversalis
424 636 592 673 Ecclefiae
636 637 821 684 suscipere.
860 638 962 670 Tunc

205 688 412 727 Pontificali
439 687 561 723 babitu
589 687 767 730 deposito.
803 686 964 722 indutum

203 740 381 791 peregrini
423 738 598 775 affimfit.
643 740 676 774 &
722 737 962 773 lldebrandum

205 792 320 828 secum
349 789 517 833 adduxit,
553 790 586 825 8<
618 791 783 837 Papaturn
813 801 857 824 ex
885 785 964 823 co‘n-

206 841 354 878 scientia
382 839 562 888 resignavit
579 864 586 877 ‚
624 841 659 875 &
686 839 800 875 denuo
827 838 872 875 est
899 840 964 873 ele-

206 892 306 929 ξὶυς.
331 891 405 927 Hic
432 891 596 939 sapienti-5
623 892 657 926 &
686 889 869 926 samstitate
896 890 963 924 cla-

207 956 288 986 rus,
324 954 431 988 quum
460 942 502 976 ad
540 941 790 987 suscipiendam
818 939 963 988 Aposto-

206 994 311 1029 licam
342 992 461 1027 sedem
491 992 559 1027 iret
577 1020 586 1034 ,
622 991 761 1027 audivit
787 999 966 1027 cantantes

207 1044 388 1091 Angelos:
430 1045 499 1087 Ego
524 1045 628 1087 cogito
663 1045 876 1087 cogitationes
910 1052 965 1085 pa-

205 1098 251 1129 cis
279 1094 340 1128 &a
377 1093 451 1128 Hie
487 1106 594 1139 quum
634 1106 815 1142 pauperem
844 1093 962 1139 ,lepro-

209 1144 284 1180 sum
312 1152 392 1179 ante
419 1143 507 1180 fores
538 1145 666 1179 Palatii
693 1144 858 1182 vidisset,
886 1153 964 1177 eum
997 1179 999 1191 1

206 1195 245 1232 in
274 1194 367 1228 Ιεξὶο
401 1193 461 1228 suo
496 1194 599 1228 nofile
635 1193 822 1241 diligenter
858 1193 967 1227 collo·
997 1196 999 1203 ’

206 1243 280 1279 cari
308 1243 443 1285 voluit,
473 1255 576 1290 quem
611 1256 717 1290 quum
748 1256 846 1279 mane
882 1242 965 1279 rese-

206 1303 285 1330 rato
311 1293 401 1328 ostio
427 1292 577 1328 minime
606 1294 738 1329 vidisset
755 1321 765 1336 ‚
804 1294 837 1329 se
863 1293 967 1329 Chri-

208 1344 293 1379 stum
321 1344 360 1379 in
387 1356 535 1391 paupere
570 1343 733 1392 recepisse
768 1344 971 1391 obstupuit.

209 1394 373 1441 Sepultus
415 1393 455 1429 in
493 1393 644 1429 Ecclesia
690 1394 808 1430 Samsti
852 1394 969 1438 Petri,

210 1446 397 1480 translatus
434 1443 480 1478 est
515 1443 556 1479 ad
594 1443 687 1480 suam
725 1445 877 1492 priorem
914 1447 970 1480 Se-

210 1495 291 1530 dern
319 1493 547 1534 Tullensem,
585 1495 644 1531 ubi
683 1496 804 1532 multis
842 1495 971 1531 claruit

207 1545 409 1581 miraculis.
448 1546 520 1581 Hic
547 1545 655 1581 etiarn
694 1560 800 1595 quum
841 1547 970 1582 Rober·

207 1604 265 1631 tus
292 1594 482 1635 Guiscardi,
500 1596 665 1641 Apuliam
695 1597 882 1646 ingressus,
911 1610 970 1644 po-

211 1645 277 1682 stea
321 1647 355 1678 vi
395 1657 434 1679 ac
475 1643 559 1679 dolo
603 1646 777 1694 affligeret
817 1648 972 1690 incolas,

212 1709 292 1732 eum
317 1695 487 1743 repellere
505 1697 623 1732 voleus
638 1720 646 1734 ‚
673 1696 710 1731 in
732 1698 973 1733 Beneventum

213 1746 331 1792 fugere
358 1743 497 1780 :caestus
525 1747 586 1781 est.
613 1749 732 1782 Tanta
759 1757 874 1783 autem
906 1747 974 1783 fnit

215 1796 381 1841 utrinque
409 1794 526 1830 caedes
545 1822 555 1839 ‚
593 1805 631 1831 ut
658 1810 797 1832 acervus
825 1812 868 1834 ex
895 1797 973 1833 offi-

217 1848 279 1883 bus
309 1853 527 1880 mortuorum
557 1845 664 1893 usque
689 1847 731 1882 ad
768 1847 852 1883 haec
887 1857 974 1884 tem-

217 1910 299 1945 pora
337 1896 446 1931 soleat
483 1896 678 1932 ostentari.
717 1898 883 1933 Proximo
920 1912 976 1934 au—

214 1958 286 1984 tem
312 1960 404 1982 anno
434 1948 528 1994 Papa
554 1949 628 1983 Leo
651 1947 823 1984 moritur.
852 1948 978 1984 Vici’cor

217 1999 363 2034 natione
404 1998 622 2034 Alamannus
660 1998 749 2034 sedit
785 2012 893 2034 annos
932 2001 976 2034 11.
1010 2012 1012 2015 ·

216 2049 348 2086 menses
387 2050 450 2084 ΙΙΙ.
487 2049 559 2085 dies
600 2051 703 2084 XIII..
738 2049 808 2085 Hic
849 2050 977 2086 timore

218 2099 368 2137 Hernici
405 2098 515 2135 saffirus
553 2099 597 2135 est
641 2102 759 2145 Papa,
801 2104 861 2145 qui
905 2101 974 2148 ejus

217 2162 375 2197 tempore
416 2150 505 2198 apud
546 2151 761 2186 Florentiam
801 2151 976 2195 Synodum

218 2200 431 2244 celebravit,
458 2205 490 2234 ἃ
517 2201 647 2236 multos
682 2200 872 2249 Episcopus
901 2215 977 2250 pro-

219 2263 296 2301 pter
324 2250 518 2288 Simoniani
555 2257 586 2286 ὅ(
624 2251 893 2287 fornicationem
922 2253 974 2287 de-

216 2302 360 2352 posuit.
390 2302 445 2338 Ad
473 2303 544 2350 ejus
571 2301 831 2350 requisitionem
863 2304 974 2352 Impe-

217 2364 314 2391 rator
342 2352 509 2389 militiam
538 2352 630 2389 misit
658 2363 778 2389 contra
802 2356 976 2389 Nor-man—

219 2417 309 2444 nos.
346 2404 407 2452 qui
449 2405 486 2439 in
527 2405 655 2446 Apulia
699 2404 772 2453 jura
812 2403 980 2440 Ecclefiae

219 2464 417 2505 occupant,
439 2453 477 2492 &
499 2454 593 2492 ceffit
616 2455 706 2492 male
726 2455 789 2493 illi
805 2455 959 2492 militiae
971 2482 984 2492 ,γ

323 2611 414 2645 Tem.
442 2611 478 2644 X
479 2612 507 2644 I.

651 224 1027 278 JORDAN}
1073 217 1510 261 CHRONICO.
1691 222 1773 270 652

202 292 414 333 Imperatore
441 283 599 319 Henrico
630 280 861 321 Ponrnficem,
900 280 957 315 hic
1009 283 1030 314 λ

1069 328 1247 365 ’Βαντὶαιιίιι
1275 327 1340 360 III.
1368 325 1407 358 de
1430 322 1584 356 Eduardo
1609 325 1719 367 Rege,
1743 319 1780 356 ὕ
1800 323 1839 357 de

1243 373 1363 424 septem
1390 375 1637 408 Dormientibus
1649 398 1663 409 .

1125 476 1307 514 Eduardus
1335 479 1412 513 Rex
1439 474 1593 525 Angliae
1617 474 1687 512 &e-

1078 583 1251 618 Particum
1268 584 1327 617 IV.
1346 583 1386 616 de
1405 581 1518 626 vigore
1537 577 1696 624 Gregorii
1712 582 1841 623 Papae.

1183 682 1220 719 Ie
1247 696 1307 731 per
1341 682 1507 732 injuriam
1547 680 1842 730 praedecessorum.

1207 733 1369 774 suorum,
1408 736 1604 769 Romanum
1637 733 1758 768 statum
1787 731 1842 768 di·

1080 787 1256 820 minutum
1295 784 1456 826 invenit,
1493 795 1533 820 ut
1570 793 1705 833 praeter
1732 795 1842 829 pauca

1079 836 1211 883 oppida
1238 834 1327 870 Urbi
1356 835 1474 871 vicina
1501 834 1538 871 &
1577 834 1774 870 oblationes
1801 831 1842 869 ft-

1081 887 1210 921 delium
1236 885 1331 921 nihil
1357 885 1522 926 haberet,
1541 899 1612 933 quo
1637 884 1670 920 se
1693 883 1843 919 substen-

1081 945 1193 972 taret.
1230 936 1274 971 In
1309 936 1383 982 ipsa
1419 937 1515 972 Urbe
1547 937 1585 972 in
1616 934 1733 971 medio
1765 933 1844 969 foro

1081 989 1296 1034 vagabantur
1323 985 1453 1029 sicarii,
1480 986 1579 1033 super
1602 986 1675 1033 ipsa
1699 983 1844 1020 sangro-

1081 1050 1155 1072 rum
1191 1036 1228 1071 &
1267 1036 1471 1081 Martyrum
1508 1039 1692 1084 Corpora,
1728 1036 1764 1069 &
1794 1034 1844 1069 sa·

1082 1087 1148 1123 cris
1196 1087 1381 1122 Altaribus
1432 1086 1542 1134 gladii
1594 1085 1844 1130 nudabantur,

1081 1137 1278 1173 oblationes
1306 1139 1347 1172 de
1372 1138 1531 1172 manibus
1556 1136 1844 1183 abripiebantur,

1081 1190 1114 1224 8<
1143 1189 1180 1224 in
1217 1188 1519 1224 commessationes
1554 1187 1590 1223 &
1621 1186 1732 1221 scorta
1759 1198 1844 1220 con-

1082 1239 1327 1275 sumebantur.
1361 1239 1491 1274 Tantis
1521 1238 1620 1274 malis
1648 1236 1844 1285 Gregorius

1082 1304 1262 1326 occurrere
1290 1290 1432 1337 coepit,
1469 1289 1584 1336 primo
1610 1287 1740 1323 leniter
1767 1300 1842 1322 ver-

1083 1342 1157 1380 bis,
1185 1340 1369 1377 mandans,
1398 1348 1437 1375 ut
1459 1353 1479 1375 a
1505 1339 1765 1388 peregrinorum
1792 1340 1845 1373 in-

1083 1390 1263 1427 festatione
1298 1390 1484 1433 cessarent,
1520 1391 1553 1425 &
1592 1403 1610 1425 a
1637 1389 1760 1437 rapina
1795 1388 1846 1425 sa-

1084 1455 1242 1478 crorum.
1270 1443 1435 1477 Alterum
1464 1441 1556 1476 enim
1591 1450 1712 1476 contra
1743 1449 1847 1474 natu-

1083 1506 1156 1529 ram
1185 1492 1252 1535 est,
1287 1502 1328 1527 ut
1353 1492 1415 1538 qui
1443 1491 1624 1527 communi
1662 1489 1847 1525 vescuntur

1083 1549 1180 1586 aere,
1217 1543 1399 1578 communi
1434 1556 1508 1577 non
1542 1542 1704 1577 fruantur
1737 1551 1846 1589 pace;

1083 1595 1117 1629 δε
1155 1593 1348 1629 Christiani
1381 1592 1475 1628 inter
1514 1592 1729 1629 Christianos
1769 1604 1847 1639 pro-

1085 1644 1182 1692 gredi
1208 1644 1359 1688 debent,
1387 1657 1499 1692 quum
1530 1656 1651 1679 omnes
1687 1645 1746 1677 uni
1775 1644 1848 1676 Do-

1087 1695 1182 1730 mino
1219 1695 1454 1738 famulentur,
1490 1707 1612 1730 omnes
1642 1693 1746 1729 unius
1772 1692 1848 1727 san·

1087 1747 1200 1792 guinis
1228 1745 1293 1780 fint
1321 1745 1502 1793 conjunc‘sti
1527 1746 1697 1793 coagulo,
1721 1748 1751 1777 &
1780 1755 1851 1778 uno

1088 1796 1233 1830 redemti
1259 1796 1394 1842 pretio.
1418 1797 1582 1830 Alterum
1609 1804 1732 1829 contra
1757 1806 1854 1828 man-

1089 1846 1208 1881 datum
1239 1845 1307 1880 Dei
1336 1845 1603 1893 praecipientis,
1641 1853 1680 1879 ut
1713 1843 1774 1891 qui
1803 1844 1853 1878 al-

1065 1896 1181 1931 rtario
1220 1895 1440 1938 deserviunt,
1477 1897 1519 1931 de
1556 1895 1682 1931 altario
1711 1898 1850 1930 vivant.

1092 1949 1246 1982 Domum
1276 1948 1342 1981 Dei
1366 1946 1433 1981 effe
1456 1946 1578 1981 debere
1605 1946 1748 1981 domum
1774 1957 1853 1979 ora-

1091 1996 1228 2035 tionis,
1280 2009 1350 2031 non
1404 1995 1601 2044 speluncam
1645 1997 1854 2031 latronum.

1094 2047 1342 2083 Permitterent
1370 2056 1551 2094 propterea
1587 2046 1783 2082 oblationes
1812 2044 1851 2080 fi-

1092 2097 1224 2133 delium
1252 2096 1290 2132 in
1318 2096 1394 2132 usus
1422 2096 1562 2133 tranfire
1602 2097 1853 2139 sacerdotum,

1093 2149 1152 2184 vel
1177 2146 1338 2195 expensas
1367 2161 1578 2196 pauperum.
1616 2148 1678 2183 Eis
1713 2159 1856 2194 quoque

1094 2198 1348 2248 providendum
1391 2198 1464 2234 fore
1482 2223 1492 2239 ‚
1544 2212 1631 2244 quos
1682 2198 1722 2233 ad
1770 2197 1857 2232 haec

1093 2250 1325 2298 compellebat
1362 2249 1513 2298 egestas.
1549 2252 1648 2295 Quos
1680 2252 1761 2284 vero
1797 2261 1856 2283 cu-

1094 2300 1227 2348 piditas
1251 2299 1474 2348 exagitabat,
1511 2300 1572 2347 ipsi
1608 2300 1667 2335 fibi
1697 2313 1758 2348 pro
1786 2297 1855 2333 Dei

1094 2351 1223 2386 timore
1263 2349 1303 2387 &
1345 2350 1456 2387 seculi
1494 2351 1667 2387 honestate
1710 2348 1855 2383 modum

1097 2410 1288 2447 ponerent.
1327 2401 1503 2438 Invasores
1540 2399 1764 2437 Ecclefiastici
1796 2411 1854 2445 pa·

1097 2451 1260 2488 trimonii
1286 2453 1321 2488 &
1349 2453 1522 2488 mandaris
1554 2453 1589 2486 δε
1626 2449 1774 2497 epistolis
1801 2449 1856 2484 in-

1098 2503 1248 2547 vitavit,
1276 2513 1315 2539 ut
1339 2513 1399 2539 aut
1423 2503 1540 2538 debita
1563 2502 1763 2537 redderent.
1793 2507 1854 2535 aut

1096 2553 1128 2591 se
1158 2554 1220 2589 illa
1250 2554 1322 2602 jure
1349 2563 1466 2590 tenere
1491 2553 1530 2590 in
1564 2555 1695 2589 Senatu
1729 2554 1856 2587 Roma*

1168 2606 1204 2641 T
1231 2613 1251 2641 t.
1756 2615 1808 2639 no
