2248 3136
460 245 511 282 19
762 223 1172 284 ANTIQUIT.
1212 223 1449 265 MEDII
1484 222 1670 270 {ffEVI
1917 245 1971 274 20

444 285 535 323 Duxi
552 313 564 331 ,
601 284 696 322 inter
729 285 911 333 Principes
938 282 1157 331 Guelphicae
1190 282 1224 316 A
1276 282 1336 317 fim
1374 293 1561 331 propagata
1578 283 1599 328 ,⁴
1625 284 1800 333 postquam
1838 288 1929 324 Otto
1970 291 2031 326 tv.

393 350 434 375 ac
459 337 720 386 Wibelingicae
746 336 857 384 stirpis
883 333 1155 370 aemulationem

392 401 414 425 a
449 389 640 437 majoribus
679 397 856 435 acceptam
895 383 1066 434 viguisse.
1109 386 1157 420 Et

391 438 472 476 sane
496 449 584 487 quot
612 440 707 478 irae,
734 446 822 484 quot
849 437 940 472 bella
967 436 1061 472 inter
1084 447 1156 470 am-

390 490 450 527 has
489 489 588 526 hasce
627 488 859 525 nobiliffimas
896 485 1062 522 Familias
1098 498 1156 532 per

390 541 462 578 duo
488 540 597 576 ferme
626 541 746 576 Secula
772 539 977 575 continuata
1001 535 1154 575 fuerint,

390 605 462 629 non
491 591 681 628 Germania
718 591 855 632 solum,
892 587 947 623 sed
982 588 1016 622 δε
1051 585 1154 623 ltalia

389 641 550 692 persaepe
578 639 707 682 sensit,
735 652 842 685 quum
881 638 920 674 in
956 637 1020 673 hac
1047 637 1153 672 etiarn

388 692 580 729 Provincia
603 700 678 726 tum
695 689 873 725 Gibellini
892 686 1069 736 sanguinis
1086 687 1156 723 Im-

388 752 591 793 peratores,
626 749 702 777 tum
730 737 1053 786 Welpho—Estenses
1083 739 1154 773 Du-

390 806 447 830 ces
477 792 574 839 saepe
612 791 742 826 fuerint
775 789 927 834 versati,
965 787 1155 836 multisque

388 843 500 880 etiam
525 842 723 878 ditionibus
750 839 910 887 postremi
936 838 1154 887 potirentur.

387 894 515 930 Seculo
554 901 673 928 tamen
703 893 783 926 XII.
812 902 1024 939 quamquam
1056 888 1094 924 in
1124 888 1153 924 I-

390 945 479 980 talia
515 942 654 986 forent,
682 941 743 991 qui
775 941 954 977 friderico
986 940 1013 976 I.
1041 942 1155 987 Impe-

389 994 501 1031 ratori
544 993 737 1031 studerent,
778 991 919 1040 ejusque
960 991 1073 1033 filiis,
1115 988 1152 1026 &

389 1055 514 1081 contra
560 1044 623 1093 qui
667 1043 951 1087 adversarentur,
998 1040 1152 1076 nondum

389 1104 513 1132 tamen
543 1108 686 1144 erupere
714 1099 926 1139 Guelphortmz
953 1094 986 1127 δε
1014 1090 1152 1126 Gibelli-

391 1159 506 1182 norum
546 1145 690 1182 infausta
731 1145 899 1181 nomina.
940 1143 1181 1185 Faciiones,⁴

1179 1184 1225 1230 ,C
1273 1204 1313 1226 ac
1342 1204 1468 1226 nomen
1499 1192 1722 1239 Imperatoris
1760 1191 1964 1240 susceperit.
2001 1195 2034 1229 1-

388 1197 536 1246 inquam
551 1224 560 1241 ,
584 1197 809 1233 invaluerunt
830 1195 954 1231 Seculo
977 1193 1051 1242 ipso
1073 1194 1153 1228 XII.

387 1247 445 1284 sed
488 1247 711 1294 subsequenti
748 1248 919 1283 duntaxat
961 1243 1152 1281 invidiosas

387 1297 470 1334 illas
492 1299 744 1348 appellationes
770 1296 949 1333 affumfiss'e
970 1295 1152 1330 videntur.

386 1349 529 1384 Αυξὶοι-
569 1348 614 1383 est
655 1348 869 1383 Ricobaldus
912 1347 949 1382 in
993 1344 1152 1380 Pomario

386 1398 587 1440 Historico,
625 1401 733 1431 Anno
770 1398 926 1430 MCXC.
958 1395 1152 1427 Feri-arien-

388 1449 459 1485 sem
491 1446 626 1483 Urbem
655 1444 786 1479 duabus
813 1441 1045 1478 faustionibus
1074 1442 1151 1476 lon-

388 1513 431 1548 ge
459 1506 561 1534 antea
585 1494 750 1532 excitatis
777 1493 907 1529 scissam
928 1491 1047 1536 fui-sse,
1064 1504 1150 1539 qua-

388 1562 465 1586 rum
505 1547 566 1583 uni
595 1545 759 1582 Mart-‚hio
789 1543 932 1580 Estenfis
971 1551 1151 1591 praeerat,

389 1598 493 1636 alteri
509 1599 727 1646 Salinguerra
745 1594 905 1632 Taurelli
925 1593 1019 1630 filius
1031 1620 1039 1629 .
1062 1594 1152 1628 Tra-

388 1651 442 1686 dit
467 1650 573 1686 etiam
597 1647 812 1684 Rolandinus
835 1646 916 1682 Lib.
943 1644 1058 1690 primo
1083 1643 1151 1679 Hi·
1188 1635 1223 1670 Ῑ)

386 1701 465 1737 flor.
511 1698 711 1735 'Civitatem
759 1695 994 1733 Veronensem
1044 1696 1150 1729 Anno

386 1751 584 1788 MCCVII.
623 1748 792 1797 ejusmodi
830 1745 1058 1783 Faaionibus
1097 1744 1149 1780 di-

387 1803 575 1838 laceratam
606 1799 732 1843 suiffe,
769 1808 810 1834 ut
839 1797 981 1834 mittam
1012 1795 1150 1831 Medio-

387 1851 572 1894 lanenses,
618 1849 772 1898 aliasque
813 1848 1020 1890 Civitates,
1063 1859 1151 1892 quae

387 1901 570 1938 Friderico
607 1900 634 1937 I.
673 1899 870 1937 adversatae
906 1898 1011 1940 sunt,
1051 1896 1150 1933 Tici-

389 1952 546 1989 nenfibus
587 1962 707 1988 contra
745 1951 893 1998 aliisque
931 1947 1073 1996 Populis
1101 1947 1150 1983 ei-

389 2004 468 2039 dem
497 2003 713 2039 faventibus.
743 2004 929 2044 Propterea
956 1998 1061 2034 fidere
1088 2011 1150 2034 no-

388 2055 418 2090 li
446 2055 652 2089 Gualvaneo
678 2054 720 2086 de
751 2055 783 2086 la
813 2055 970 2085 Flamma
1001 2049 1151 2085 scriben-

348 2144 352 2159 ÷
388 2104 420 2140 ti
454 2106 540 2147 Cap.
572 2105 653 2151 169.
690 2100 868 2147 Manipul.
907 2102 999 2136 Flor.
1025 2101 1148 2135 Tomo

347 2162 350 2172 ¹
388 2157 451 2190 xt.
484 2158 562 2190 Rer.
602 2154 828 2195 Italicarum,
867 2155 1079 2196 Guelphorum
1115 2151 1148 2184 δε

345 2216 351 2248 ,ὲ
388 2203 624 2241 Gibellinorum
668 2217 776 2239 nomen
824 2202 964 2238 circiter
1004 2203 1148 2236 Annum

344 2249 347 2261 s
388 2256 520 2293 Christi
548 2257 704 2292 MCXL.
731 2253 899 2291 Conrado
928 2254 973 2288 11.
1005 2264 1150 2299 regnan-

388 2316 446 2352 te,
473 2308 510 2344 in
538 2309 656 2342 Sicilia
685 2305 860 2350 inolevtffi’.
891 2306 967 2352 Ego
996 2304 1148 2350 prirrum

387 2359 509 2397 audita
544 2359 628 2397 haec
660 2359 803 2396 nomina
829 2356 979 2406 opinor,
1010 2352 1048 2391 &
1076 2352 1149 2389 sena

1275 334 1384 368 Anno
1423 335 1596 369 Mcclx.
1634 337 1861 381 Imperatoria
1903 340 2032 375 corona

1279 385 1409 420 Romae
1447 385 1489 420 ab
1521 384 1729 421 Innocentio
1758 387 1821 423 ΙΙΙ.
1853 390 1943 435 Papa
1971 392 2034 425 do-

1277 444 1401 478 natus,
1426 435 1523 470 brevi
1549 435 1586 471 in
1616 435 1801 472 pontificis
1829 440 1947 474 odium
1977 440 2032 476 in·
2080 443 2085 452 ¹

1279 498 1415 521 currens
1433 510 1442 524 ‚
1480 486 1700 521 anathemate
1732 488 1897 534 percussus
1926 490 2033 527 decli-

1278 548 1358 571 nare
1385 536 1524 583 coepit,
1552 536 1655 582 eique
1687 538 1873 574 pontificia
1902 539 2035 576 senten-

1277 587 1321 620 tiz}
1349 587 1553 634 abrogatum
1585 587 1774 634 Imperium
1807 587 1893 624 fuit.
1927 591 2036 626 Otto-

1277 635 1314 671 ni
1342 637 1505 684 dejecio,
1537 636 1592 672 sed
1625 637 1719 673 suam
1747 640 1952 687 dignitatem
1982 641 2035 677 vi-

1276 687 1392 722 riliter
1428 687 1571 730 tuenti,
1609 687 1779 724 continuo
1809 690 2035 726 innocentius

1198 733 1227 768 B
1276 736 1441 784 opposuit
1470 737 1686 774 Fridericum
1720 739 1762 774 ll.
1799 739 1940 775 Siciliae
1971 743 2036 777 Re-

1276 799 1377 835 gem,
1402 788 1572 824 Friderici
1600 790 1626 824 1.
1651 798 1811 837 nepotem
1828 817 1836 833 ‚
1853 804 1958 836 quem
1985 793 2036 827 so-

1275 837 1426 873 licitatis
1466 839 1609 887 Populis
1645 839 1803 876 adversus
1829 843 2002 877 Ottonem
2022 867 2035 885 ,

1275 897 1331 923 tot
1357 889 1550 925 amicorum
1582 890 1779 937 praefidiis,
1796 890 1836 927 ἃ
1857 892 1953 927 tanta
1981 891 2034 927 of-

1275 938 1435 974 ficiorum
1465 941 1556 975 mole
1587 941 1677 988 juvit
1697 969 1706 983 ,
1743 951 1780 977 ut
1817 941 1847 977 is
1883 942 1920 977 in
1949 944 2035 978 Ger-

1275 990 1426 1025 maniam
1454 1001 1657 1038 penetrans,
1687 994 1925 1028 Romanorum
1959 996 2034 1029 Rex

1276 1042 1387 1085 primo
1430 1039 1624 1083 salutatus,
1665 1050 1740 1076 tum
1779 1045 1861 1078 vero
1894 1045 2033 1079 Ottone

1275 1091 1336 1125 IV.
1374 1091 1512 1126 tandem
1551 1104 1570 1127 e
1608 1091 1696 1127 vivis
1733 1091 1891 1136 sublato,
1928 1096 2034 1129 Anno

1274 1141 1465 1176 MCCXX.
1495 1143 1627 1177 Romae
1658 1141 1858 1190 Augustalia
1885 1142 2034 1191 insignia

1273 1242 1460 1278 talicorum
1489 1243 1626 1278 animos
1653 1242 1824 1278 discordia
1851 1252 2033 1280 tantorum

1274 1293 1478 1341 Principum
1509 1293 1637 1328 mir-um
1666 1294 1704 1327 in
1732 1294 1874 1328 modum
1904 1294 2034 1339 scidit,

1272 1342 1438 1377 stantibus
1474 1341 1530 1376 his
1569 1355 1630 1384 pro
1664 1343 1822 1380 ottone.
1858 1342 1934 1378 illis
1971 1356 2033 1387 pro

1273 1392 1477 1425 Friderico.
1531 1388 1674 1432 Pisani,
1721 1388 2032 1438 Mediolanenses,

1275 1437 1470 1474 Parmenses
1484 1465 1494 1482 ,
1523 1439 1743 1479 Placentini.
1772 1440 2034 1488 Bononienses,

1272 1489 1404 1536 aliique
1434 1489 1587 1537 Populi,
1617 1490 1733 1526 amico
1762 1490 1873 1527 studio
1901 1491 1938 1528 in
1965 1494 2033 1529 Ot-

1271 1548 1391 1575 tonem
1425 1542 1485 1575 tv.
1512 1540 1731 1577 ferebantur.
1769 1544 1903 1578 Contra
1942 1542 2031 1578 sum-

1270 1603 1346 1626 mus
1379 1590 1542 1627 Pontifex
1561 1619 1570 1634 ‚
1606 1591 1830 1637 Genuenses,
1859 1593 2029 1630 Ticinen-

1270 1640 1340 1683 ses,
1369 1640 1645 1686 Cremonenses,
1676 1643 1842 1679 Marchio
1874 1644 2028 1680 Montis-

1269 1691 1411 1731 ferrati,
1442 1694 1573 1738 aliique
1603 1694 1731 1741 Populi
1758 1707 1798 1729 ac
1827 1695 2027 1738 Principes,

1270 1742 1487 1778 fridericum
1516 1743 1563 1778 ll.
1601 1756 1662 1790 pro
1693 1743 1826 1779 viribus
1854 1746 2028 1781 extollen-

1269 1794 1350 1828 dum
1375 1802 1558 1828 curarunt.
1588 1793 1768 1829 scissuram
1795 1795 1922 1831 intulit
1944 1794 2027 1832 haec

1269 1843 1341 1891 ipsa
1361 1842 1591 1879 controversia
1615 1844 1652 1879 in
1684 1843 1884 1893 Principum
1909 1846 2027 1882 Esten-

1269 1894 1350 1930 sium
1392 1895 1603 1930 Familiam.
1648 1896 1768 1938 Nam,
1806 1896 1860 1932 uti
1894 1894 2029 1932 ostendi

1271 1947 1343 1980 Par.
1369 1946 1394 1980 Ῑ.
1416 1943 1506 1990 Cap.
1527 1958 1577 1991 40
1607 1946 1792 1993 Antiquit.
1815 1945 1941 1982 Estens.
1967 1950 2026 1981 Bo-

1268 1998 1407 2036 nisacius
1441 1999 1590 2031 Mam-hio
1627 1998 1758 2042 Esterfis
1792 1997 1922 2033 Ottoni
1960 1996 2028 2033 sese

1229 2080 1232 2090 ι
1268 2045 1454 2094 adjunxit3
1482 2051 1572 2081 Azzv
1595 2056 1709 2082 autem
1739 2051 1792 2082 VI.
1819 2050 1969 2082 Mai-chio
1995 2047 2026 2085 i-

1192 2087 1221 2120 Ε
1267 2099 1377 2132 tidem
1403 2098 1555 2143 Estmfis,
1582 2098 1680 2133 illius
1699 2111 1742 2133 ex
1772 2097 1876 2134 fratre
1896 2111 2028 2145 nepos,

1269 2147 1324 2183 vir
1350 2147 1594 2183 celeberrimus
1623 2161 1661 2183 ac
1691 2158 1836 2195 potens.
1871 2148 1923 2184 ita
1951 2148 2028 2184 fri-

1267 2198 1385 2234 derico
1416 2200 1461 2233 ll.
1498 2197 1648 2233 adhaefit
1684 2197 1854 2244 (testibus
1882 2197 2025 2234 sicardo

1263 2247 1520 2291 Cremonensi,
1550 2247 1729 2282 Monacho
1761 2247 1953 2290 patavino,
1984 2248 2024 2285 &

1265 2300 1433 2336 Alberico
1468 2297 1649 2333 Monacho
1685 2296 1790 2332 trium
1825 2298 2024 2346 fontium)

1266 2349 1422 2398 viresque
1449 2357 1564 2384 tantas
1588 2348 1631 2384 ad
1658 2348 1955 2384 conscendendum
1982 2349 2022 2384 in

1884 2401 1971 2435 Ger-

389 2512 484 2541 gnans
504 2504 678 2537 descendit.
708 2502 795 2542 Ergo
821 2499 913 2540 longe
944 2496 1009 2539 post
1030 2496 1095 2535 ejus
1122 2502 1257 2528 mortem
1285 2491 1417 2533 positum
1440 2489 1626 2534 cunegundi
1653 2489 1772 2522 nostrae
1793 2489 2024 2531 Epitaphium,

388 2552 461 2574 nam
486 2546 633 2577 Bavariae
657 2546 730 2578 Dux
753 2538 778 2576 is
801 2543 900 2575 Anno
922 2539 1045 2572 tantum
1072 2537 1236 2568 MLXXI.
1260 2534 1452 2566 renuntiatus
1473 2533 1535 2578 esi,
1568 2533 1615 2576 leel
1638 2532 1735 2563 adhuc
1757 2533 1884 2564 vivente
1906 2533 2022 2563 Azone

388 2582 594 2620 Mai-chione,
622 2585 687 2624 eju-5
712 2585 793 2619 olim
820 2585 907 2621 viro,
931 2581 984 2623 qui
1012 2580 1111 2612 Anno
1142 2575 1335 2610 MXCVH.
1363 2583 1524 2606 centenario
1549 2583 1644 2611 major
1672 2573 1776 2607 vivere
1803 2571 1915 2613 desiit,
1943 2572 2022 2606 haec

390 2621 503 2659 seripta
519 2623 604 2655 fuere
614 2646 624 2656 .
