2248 3136
281 249 362 292 225
432 230 827 273 DlssERTATio
856 229 1642 291 ,QUJNQUAGESIMAQUARTAE
1715 240 1800 276 υς

220 318 241 335 ἡ
268 297 414 343 primum
443 297 589 337 potero,
619 287 867 336 praesentabo,
896 298 980 321 con·
1021 293 1054 324 A
1094 310 1114 325 „
1141 294 1273 321 tatem:
1303 286 1336 320 δ(
1365 286 1504 333 quoties
1532 287 1575 321 ab
1602 286 1675 334 ipso
1703 291 1858 328 Domino

221 367 241 383 „
267 342 427 390 fignabo,
450 344 482 373 δι
506 339 671 375 revelabo
697 338 856 373 Domino
882 335 978 371 Mar-
1095 361 1115 376 η
1142 335 1374 375 Marchione,
1412 337 1468 372 vel
1503 337 1547 372 ab
1589 336 1668 385 ipsis
1708 338 1857 388 Capita-

219 414 239 431 „
265 390 408 427 ebioni.
449 392 497 426 Et
534 402 607 425 non
647 401 709 423 ero
751 387 790 423 in
833 386 979 422 consilio
1093 411 1113 426 ‚‚
1139 388 1211 421 neis
1237 395 1383 422 vocatus
1410 385 1530 427 fuero,
1558 387 1639 428 ibo,
1667 392 1698 422 ὀί
1726 390 1766 424 ad
1796 391 1855 437 id,

217 464 238 481 η
265 443 322 478 vel
349 440 522 482 traflatm
559 438 654 487 quod
683 438 798 474 honor
827 437 978 474 Domini
1093 461 1112 476 ‚,
1139 436 1233 484 quod
1272 450 1292 472 a
1333 449 1389 472 me
1430 438 1627 486 petierint,
1669 439 1854 479 consilium

217 515 238 532 ,ι
264 492 483 529 Marchionis
505 491 562 525 vel
591 489 666 537 jura
692 489 840 524 debeant
863 488 979 523 mino·
1093 511 1111 526 „
1138 487 1188 522 eis
1216 487 1306 523 bona
1342 486 1411 523 fide
1439 488 1635 535 praestabo,
1671 490 1714 525 ad
1743 490 1853 527 hono.

217 566 238 584 ‚‚
266 543 357 588 rari,
398 555 461 578 nec
503 540 653 587 alicujus
691 539 837 575 alterius
873 538 978 574 Civis
1092 563 1111 577 „
1137 551 1209 574 rem
1242 537 1392 574 Domini
1419 537 1641 575 Marchionis
1669 545 1700 574 ἃ
1730 541 1854 579 statum

218 617 240 633 ‚,
268 592 445 629 Ferrariae
473 590 510 628 &
539 589 734 635 distrifims,
763 589 826 635 qui
853 589 978 628 Domi·
1090 612 1112 629 ,‚
1140 593 1171 623 &
1208 588 1381 625 Civitatis
1418 589 1616 633 Fen-ariae,
1653 589 1690 627 ὅ(
1727 591 1855 628 destru-

217 668 238 684 .,
265 657 311 679 no
339 642 541 679 Marchioni
568 641 732 679 obediat,
769 642 804 676 ὃ(
833 639 873 675 fit
901 640 978 675 suae
1091 663 1111 677 „
1136 639 1292 675 &ionem
1328 638 1577 675 inimicorum.
1614 642 1660 676 Et
1687 641 1728 677 de
1757 655 1851 678 novo

215 717 236 734 „
264 694 392 740 partis,
429 694 461 728 8<
500 691 541 727 fit
577 691 691 727 fidelis
717 690 842 739 ipfius.
880 692 928 725 Et
956 691 976 725 fi
1090 713 1112 728 ‚2
1139 689 1464 739 propinquitatem,
1502 692 1736 739 parentelam,
1775 692 1852 728 affi-

215 769 237 786 ‚‚
264 744 398 780 scivero
425 743 481 779 vel
507 741 686 778 credidero
712 741 885 785 firmiter,
913 740 977 776 ali·
1027 739 1053 773 B
1092 763 1110 777 ‚‚
1141 740 1313 785 nitatem,
1352 741 1571 786 amicitiam,
1613 743 1668 778 vel
1705 743 1852 780 societa-

215 820 238 836 „
265 808 367 843 quem
401 795 459 829 vel
486 792 641 841 aliquam
680 792 829 827 traaare
855 791 976 826 volen-
1090 813 1110 829 ‚,
1137 799 1207 826 tem
1245 804 1321 827 cum
1358 791 1481 839 aliquo
1515 792 1746 828 inimicorum
1779 796 1850 830 Do-

214 871 234 887 „
262 854 332 881 tem
352 844 498 892 aliquod
516 852 640 879 contra
660 842 857 877 Dominum
880 843 975 876 Mar·
1091 863 1110 879 2,
1138 841 1227 877 mini
1269 842 1490 878 Marchionis
1532 855 1602 878 non
1643 844 1851 881 contraham

216 919 236 936 ι,
263 895 454 936 ebionem,
505 895 561 929 vel
614 892 771 939 aliquem
820 891 974 927 amicum
1091 914 1109 929 ‚.
1137 904 1199 927 nec
1226 891 1383 936 habebo,
1419 905 1482 928 nec
1508 893 1542 929 ei
1574 893 1730 940 aliquem
1758 896 1851 935 dabo

215 964 237 987 5,
262 945 391 994 ipfiuS,
436 943 499 993 ipsi
544 943 702 979 Domino
744 942 975 985 Marchioni‚
1091 965 1109 980 η
1135 942 1313 985 favorem,
1341 941 1542 982 confilium,
1571 946 1626 979 vel
1651 945 1852 989 auxilium,

214 1020 235 1036 „
262 997 318 1031 vel
345 995 446 1031 alteri
478 994 662 1038 personae,
689 992 727 1028 in
755 993 853 1041 cujus
881 1005 975 1040 prae-
1091 1016 1110 1029 ,‚
1137 1005 1200 1027 nec
1242 992 1317 1027 dari
1360 992 1482 1027 faciam
1521 1006 1584 1029 nec
1626 996 1852 1042 permittam.

214 1071 235 1087 „
263 1045 433 1095 judicium
470 1044 590 1084 fieret,
623 1043 837 1091 quamcitius
864 1044 975 1078 decla·
1094 1067 1109 1080 .‚
1136 1044 1184 1077 Et
1219 1041 1241 1076 fi
1270 1042 1349 1089 quis
1384 1041 1431 1076 est
1467 1042 1556 1078 mi'ni
1594 1044 1774 1080 adstrissus
1803 1045 1852 1081 sa-

213 1121 235 1138 „
261 1097 368 1131 rabo.
405 1097 452 1130 Et
477 1094 519 1130 ad
547 1094 840 1129 manutenendum
873 1093 973 1128 Civi-
1092 1117 1109 1132 ,‚
1137 1101 1316 1128 cramento
1352 1092 1407 1127 vel
1445 1093 1691 1138 promiffione,
1720 1097 1775 1131 rel
1810 1093 1851 1130 fi-

214 1161 236 1187 »3
260 1155 368 1181 tatem
406 1144 581 1180 ferrariae
619 1143 656 1179 δ(
694 1142 909 1182 districtum,
937 1142 973 1178 ἃ
1091 1167 1109 1181 ,,
1135 1142 1294 1178 deliratis
1345 1142 1558 1187 securitate,
1599 1146 1654 1181 vel
1705 1146 1848 1182 alterius

215 1221 235 1237 „
261 1194 362 1242 iplius
394 1193 543 1229 Domini
571 1193 790 1228 Marchionis
825 1194 974 1229 honores
1016 1196 1047 1233 C
1090 1217 1109 1231 ,,
1136 1193 1325 1241 cujuslibet
1358 1193 1594 1241 promiffionis
1631 1196 1686 1231 vel
1717 1197 1852 1245 obliga-

211 1271 232 1287 „
259 1244 296 1281 &
336 1244 617 1294 jurisdifhones,
653 1243 833 1278 consilium
869 1244 905 1278 &
937 1257 974 1278 o-
1091 1268 1109 1280 ‚,
1136 1243 1266 1280 tionis,
1302 1243 1416 1291 ipsum
1446 1245 1584 1289 penitus
1610 1246 1654 1281 ab
1684 1248 1851 1283 omnibus

210 1321 231 1336 „
258 1309 374 1343 peram
403 1296 492 1329 bona
520 1293 587 1329 fide
614 1293 704 1328 dabo
732 1306 791 1340 per
817 1293 974 1337 milites,
1089 1317 1111 1331 η
1138 1293 1325 1341 ριέεάὶὲὶὶε
1362 1293 1506 1329 absolvo
1532 1299 1562 1329 &
1600 1295 1766 1343 lingulis,
1796 1297 1849 1333 ita

210 1370 230 1386 ‚‚
257 1345 412 1392 pedites,
434 1343 648 1385 balisterios,
667 1343 702 1376 &
725 1342 903 1390 navigium
932 1345 973 1378 ad
1089 1367 1108 1381 ‚,
1134 1343 1230 1388 quod
1272 1342 1448 1390 praedic'ta
1484 1344 1605 1379 omnia
1645 1350 1677 1379 &
1716 1347 1849 1395 singula

212 1420 232 1436 η
260 1404 371 1430 totam
408 1392 511 1442 ipsius
548 1392 699 1429 Domini
735 1394 973 1432 voluntatem,
1089 1417 1108 1431 ‚,
1136 1392 1324 1428 observent
1351 1397 1382 1427 &
1410 1394 1594 1430 attendant
1620 1397 1655 1430 in
1681 1399 1850 1433 cmuibus

211 1470 233 1486 ‚,
259 1454 330 1480 tam
361 1445 455 1479 cives
481 1457 585 1489 quam
613 1450 817 1478 extraneos.
858 1445 905 1479 Et
931 1444 971 1478 ad
1088 1467 1106 1481 ‚‚
1134 1443 1171 1479 &
1200 1456 1260 1490 per
1281 1443 1403 1478 omnia
1430 1444 1472 1479 ad
1498 1446 1716 1481 voluntatem
1743 1446 1848 1494 ipfius

208 1519 229 1535 ,.
257 1492 550 1528 manutenendum
588 1503 706 1539 pacem
745 1491 784 1527 δε
826 1505 968 1527 concor·
1086 1516 1106 1529 ῃ
1133 1493 1284 1528 Domini
1312 1492 1555 1532 Marchionis,
1583 1498 1613 1527 ἃ
1639 1496 1714 1542 ejus
1741 1496 1848 1532 intel·

205 1568 225 1585 ‚‚
252 1543 345 1579 diam
374 1542 468 1577 inter
494 1541 636 1577 cunaas
666 1551 809 1589 gentes,
845 1542 968 1577 Domi·
1086 1564 1105 1578 „
1131 1540 1283 1575 leaum.
1310 1542 1357 1575 Et
1383 1539 1406 1575 fi
1434 1553 1502 1589 qua
1529 1540 1680 1588 seditio,
1707 1558 1847 1590 rumor,

204 1609 224 1635 ,·‚
253 1607 299 1630 no
336 1591 541 1628 Marchioni
572 1591 760 1641 suppositas
786 1593 821 1627 &
851 1591 969 1627 fideles
1087 1615 1104 1629 ,ι
1131 1592 1187 1626 vel
1212 1590 1435 1636 scandalum,
1462 1592 1518 1627 vel
1543 1594 1764 1640 vulneratio,
1789 1598 1845 1633 vel

207 1670 226 1686 ,.
253 1645 342 1680 dabo
369 1656 510 1692 operam
540 1644 630 1678 bona
669 1642 736 1679 fide
769 1643 811 1678 ad
849 1655 967 1690 pacem
1015 1644 1041 1675 D
1084 1666 1103 1680 ,‚
1130 1641 1249 1688 aliqua
1275 1641 1420 1677 offenfio
1455 1642 1624 1679 acciderit
1651 1647 1705 1681 vel
1742 1647 1846 1683 adve-

208 1721 229 1736 „
257 1694 293 1731 &
336 1693 558 1730 concordiam
594 1693 790 1729 faciendam
828 1693 870 1728 ad
907 1707 966 1727 vo-
1084 1717 1104 1729 ‚‚
1131 1692 1226 1727 nerit
1253 1691 1290 1727 in
1318 1692 1480 1728 Civitate
1505 1694 1681 1731 ferrariae
1708 1698 1762 1731 vel
1790 1698 1844 1734 di·

205 1771 226 1787 „
252 1746 426 1780 luntatem
456 1743 606 1779 Domini
645 1743 885 1780 Marchionis.
922 1745 967 1778 Et
1085 1766 1103 1780 η
1131 1741 1247 1777 stria-a
1275 1741 1401 1789 ipsius,
1427 1743 1469 1779 ad
1496 1743 1610 1792 ipsum
1647 1746 1842 1783 Dominum

205 1821 225 1838 „
255 1808 317 1843 pro
344 1808 426 1843 pace
454 1798 484 1828 &
513 1794 700 1829 concordia
725 1792 763 1829 ἃ
792 1796 882 1829 bona
907 1807 964 1829 vo·
1083 1817 1100 1831 ι,
1128 1792 1373 1829 Marchionem
1392 1820 1404 1837 ,
1451 1795 1510 1829 vel
1551 1795 1593 1830 ad
1645 1797 1754 1832 aliurn
1799 1798 1841 1833 ad

204 1872 224 1888 ‚,
251 1847 387 1881 luntate
428 1844 583 1880 habenda
619 1846 652 1880 8<
694 1844 843 1880 tenenda
885 1857 964 1879 cum
1081 1867 1099 1881 ,‚
1127 1843 1222 1878 suam
1250 1844 1471 1880 voluntatem
1509 1845 1713 1892 attendam,
1741 1845 1779 1884 &
1807 1849 1841 1884 ei

203 1921 225 1938 „
250 1895 346 1931 omni
388 1895 531 1930 homine
571 1894 610 1932 &
649 1895 791 1941 persona
829 1894 965 1930 subdita
1083 1918 1101 1932 η
1128 1893 1292 1937 fortiam,
1328 1893 1366 1932 ἃ
1404 1894 1587 1931 consilium
1627 1896 1664 1933 &
1704 1897 1843 1947 adjuro-

206 1972 226 1987 „
252 1945 290 1982 &
319 1945 417 1982 fideli
456 1945 613 1982 Domino
642 1945 870 1989 Marchioni‚
908 1958 963 1992 pa·
1079 1969 1100 1982 „
1126 1944 1219 1980 rium
1262 1945 1353 1980 bona
1396 1944 1464 1981 fide
1504 1959 1584 1981 cum
1626 1948 1760 1992 armis,
1801 1947 1841 1986 &

204 2021 224 2037 ‚‚
251 1997 416 2031 rentelam
433 2023 444 2039 ,
492 1995 701 2032 affinitatem
718 2023 727 2040 ‚
769 1996 803 2030 &
844 1995 964 2031 amici-
1080 2019 1100 2033 n
1129 1994 1197 2030 fine
1222 1995 1330 2030 armis
1358 2008 1421 2042 pro
1448 2009 1524 2031 meo
1553 1997 1644 2044 poffe
1671 1998 1713 2034 ad
1741 1998 1842 2049 ipsius

204 2070 225 2086 „
252 2044 339 2080 tiam
367 2047 400 2080 &
429 2046 647 2082 securitatem
681 2046 832 2089 faciam,
869 2055 961 2082 tene·
1079 2069 1097 2082 η
1124 2046 1345 2081 voluntatem
1373 2047 1407 2081 δι
1434 2045 1657 2084 ἰηῑείὶεξὶαῐη
1684 2049 1775 2085 dabo
1801 2051 1840 2086 in

205 2120 224 2135 „
253 2095 319 2133 bo,
355 2095 389 2129 δε
425 2094 614 2130 observabo
656 2097 697 2131 ad
740 2097 960 2132 voluntatem
1004 2093 1030 2126 Ε
1078 2118 1096 2133 η
1122 2095 1286 2131 omnibus
1322 2094 1360 2132 &
1396 2109 1456 2144 per
1495 2096 1636 2135 omnia.
1674 2101 1721 2135 Et
1763 2101 1840 2136 nul-

205 2170 225 2185 „
252 2143 355 2192 ipfius
394 2143 542 2179 Domini
579 2145 820 2181 Man-chionis.
852 2148 900 2182 Et
925 2161 962 2183 o-
1077 2169 1095 2183 ‚.
1122 2145 1196 2180 lum
1221 2146 1405 2184 *hominem
1435 2146 1476 2183 de
1503 2147 1686 2185 Macinata
1717 2150 1838 2186 Domi-

202 2220 223 2237 „
251 2195 387 2230 bediam
414 2195 448 2229 &
487 2195 615 2242 parebo
641 2195 802 2230 omnibus
829 2195 868 2231 ὅ(
900 2195 963 2231 fin·
1076 2219 1096 2234 n
1122 2195 1159 2231 ni
1189 2196 1408 2233 Marchionis
1436 2200 1598 2246 recipiam
1637 2199 1673 2236 in
1705 2202 1836 2236 Vaffal-

202 2270 222 2287 „
249 2245 339 2293 gulis
376 2245 567 2292 praeceptis
596 2244 687 2280 mihi
715 2244 817 2281 facitis
849 2245 892 2280 ab
919 2245 962 2281 il·
1077 2269 1096 2284 υ
1122 2247 1219 2291 lum,
1247 2260 1310 2283 nec
1338 2247 1452 2284 filium
1480 2251 1534 2284 vel
1563 2260 1723 2298 nepotem
1753 2251 1835 2287 Vas-

202 2315 223 2337 „
249 2296 290 2330 lis
310 2319 320 2334 ,
367 2294 429 2342 qui
464 2294 570 2329 eleai
606 2303 708 2330 erunt
744 2295 782 2330 in
819 2296 962 2344 Capita·
1076 2321 1094 2336 ,‚
1121 2297 1199 2333 salli
1226 2297 1331 2346 ipfius
1361 2298 1503 2334 Domini
1532 2301 1754 2338 Marchionis
1783 2315 1834 2338 re-

201 2372 222 2388 „
249 2359 332 2382 neos
359 2344 467 2392 partis
496 2357 557 2393 pro
586 2346 743 2380 Domino
779 2346 959 2382 Marcbio-
1074 2371 1093 2385 „
1121 2346 1248 2395 cipiam
1285 2348 1323 2385 in
1362 2350 1578 2395 Vaffallum‚
1615 2351 1676 2388 nisi
1706 2353 1746 2388 de
1774 2364 1834 2385 vo·

200 2416 221 2439 ‚·,
248 2409 311 2432 ne.
336 2398 382 2431 Et
409 2408 530 2431 omnes
557 2395 750 2432 credentias
778 2409 796 2431 a
833 2397 958 2432 Domi·
1075 2422 1092 2437 ‚.
1120 2398 1279 2441 lui-itate,
1315 2404 1346 2434 &
1374 2401 1521 2436 licentia
1554 2403 1705 2451 expressa
1731 2400 1832 2448 ipsius

199 2458 219 2488 ‚·,
246 2459 292 2482 no
320 2445 554 2489 marchione,
591 2447 646 2482 vel
673 2447 716 2481 ab
743 2446 822 2494 ipsis
850 2447 957 2493 Capi·
1074 2472 1093 2488 ,.
1123 2448 1270 2485 Domini
1295 2451 1539 2492 Marchionis,
1567 2453 1608 2488 de
1633 2465 1697 2498 qua
1722 2451 1830 2485 licen·

198 2515 218 2539 ,ᾗ
245 2497 356 2532 taneis
380 2496 471 2533 mihi
499 2496 716 2537 commissas,
744 2498 871 2533 celatas
898 2498 957 2533 ha·
1072 2523 1090 2537 ‚‚
1119 2498 1170 2534 tia
1207 2499 1283 2536 fieri
1321 2501 1466 2538 debeat*
1488 2503 1665 2550 publicum
1705 2499 1843 2540 Instru-,

198 2570 217 2589 η
243 2548 332 2585 bebo
358 2548 392 2583 &
419 2548 547 2584 tenebo
573 2547 616 2584 ad
647 2547 801 2597 ipsorum
831 2549 955 2586 volun·
1069 2573 1089 2589 ‚,
1116 2559 1272 2586 mentum
1300 2564 1406 2588 manu
1435 2551 1518 2588 boni
1545 2555 1576 2584 δι
1602 2549 1724 2597 legalis
1754 2551 1830 2586 No-

1159 2601 1186 2634 P
1214 2611 1236 2636 Ἀ
1621 2623 1641 2639 a»
1669 2599 1774 2647 tafiig
