2248 3136
245 240 332 284 ’πί

181 366 204 384 ι»
229 345 363 382 strictas
410 343 552 392 jurent.
599 342 775 391 praedifia
817 344 939 380 omnia

180 416 202 434 n
229 393 398 444 praecise,
425 393 511 429 sicut
534 394 690 440 superius
716 392 866 428 seriatim
893 395 939 430 le-

179 465 201 482 η
226 445 346 494 gitur,
384 444 563 480 observare
579 469 589 478 .
632 444 681 478 Et
724 443 911 480 Potestates
927 473 938 490 ,

179 514 201 532 n
228 495 288 544 qui
316 508 374 542 per
398 505 554 541 tempora
579 492 728 532 fuerint,
755 493 838 530 haec
866 497 936 530 Sta-

181 564 202 583 „
229 555 324 586 tuta,
350 544 386 581 ὅ(
415 556 527 580 cetera
555 543 774 592 supradiaa‚
799 554 938 581 tenean-

179 617 202 635 „
228 605 284 631 tur
304 594 462 634 firmare,
487 593 525 630 &
548 594 649 630 scribi
675 594 786 630 faeere
807 595 843 630 in
866 598 938 632 Vo-

179 667 203 688 ,ι
228 645 362 682 lumine
382 648 600 681 statutorum
621 643 836 682 Communis
859 650 938 682 Fer-

181 719 202 738 „
226 696 358 732 rariae.
394 695 501 741 Quod
530 694 553 729 si
581 696 825 744 neglexerint,
861 710 939 745 poe-

181 769 202 788 „
228 748 271 783 na
308 746 576 796 quingentarum
607 745 793 783 Librarum
822 750 939 783 Ferra-

180 819 201 837 „
227 796 388 842 rienfium
427 797 579 844 quilibet
613 792 786 841 feriatur,
816 796 855 834 &
886 797 939 833 ni-

181 871 202 887 „
227 847 417 883 hilominus
467 846 658 882 habeantur
702 861 939 895 quaecumque

183 920 204 937 „
230 897 324 933 dista
346 897 424 933 sunt
452 911 513 945 pro
537 897 686 933 statutis
707 897 882 934 Civitatis
909 903 939 932 δι

180 971 201 988 ,,
225 946 440 984 Communis
474 948 673 992 ferrariae,
700 949 734 983 &
762 958 938 997 tamquam

180 1019 203 1037 ‚.
230 1000 365 1033 statuta
393 998 539 1033 debeant
566 998 765 1033 observari.

233 1070 254 1086 „
281 1050 327 1082 Et
355 1046 377 1082 si
405 1051 463 1094 qui
492 1049 566 1083 ullo
602 1057 759 1096 tempore
790 1058 939 1085 attenta-

183 1120 206 1137 „
231 1107 309 1132 rent
349 1109 569 1145 corrumpere
611 1099 667 1133 vel
709 1108 843 1135 mutare
883 1099 939 1136 seu

180 1169 201 1186 a
228 1146 418 1194 infringere
469 1147 643 1195 praedissa
688 1150 743 1184 vel
795 1149 939 1197 aliquod

181 1219 202 1234 μ,
229 1196 483 1243 praedictorum
501 1221 509 1233 ,
546 1196 631 1232 ficut
659 1197 848 1235 violatores
885 1200 939 1247 ip-

180 1269 202 1286 „
227 1245 292 1282 fius
319 1245 491 1282 Civitatis
520 1247 740 1283 Ferrariensis
775 1249 852 1296 ipso
888 1250 938 1297 ju-

181 1318 201 1336 „
228 1309 263 1331 re
293 1306 457 1344 perpetuo
486 1297 549 1331 sint
577 1299 613 1332 in
643 1299 778 1339 banno.
804 1300 837 1333 ἃ
863 1312 938 1334 om-

183 1368 204 1385 „
230 1345 288 1380 nia
325 1346 382 1380 sua
420 1347 507 1381 bona
537 1347 730 1382 Communi
764 1350 939 1384 Ferrariae

181 1418 203 1434 „
231 1395 478 1441 applicentur,
508 1397 541 1431 δε
570 1397 606 1431 in
635 1397 793 1433 Civitate
822 1401 937 1434 Ferra—

180 1468 203 1485 0,
230 1444 330 1480 riensi
354 1447 408 1481 vel
427 1446 582 1481 distriau
604 1460 673 1481 non
701 1447 860 1484 habitent
880 1462 937 1485 ne-

178 1517 200 1534 „
226 1507 292 1541 que
331 1494 493 1538 intrent,
535 1494 589 1529 sed
630 1495 762 1540 semper
797 1499 839 1532 ab
876 1498 938 1533 hat

176 1567 199 1584 „
228 1544 320 1578 Aula
347 1543 412 1579 sint
438 1545 558 1580 exules
586 1543 623 1580 &
651 1545 797 1590 dejeE’ti.
827 1548 873 1582 Et
899 1548 936 1583 in

177 1617 197 1632 „
228 1593 328 1629 bonis
366 1595 492 1630 talium
525 1595 744 1631 solummodo
772 1596 870 1631 dotes
900 1611 937 1632 u-

178 1668 199 1685 „
226 1644 369 1679 xoribus
397 1645 666 1685 conserventur,
704 1658 786 1691 quas
816 1645 908 1693 ipsae
926 1675 935 1688 ,

179 1718 200 1735 „
228 1695 282 1729 vel
308 1693 420 1741 aliqui
449 1708 510 1740 pro
534 1698 584 1730 eis
613 1695 877 1732 monstraverint
904 1697 936 1732 se

180 1768 201 1784 „
228 1742 382 1779 solvisse.
419 1746 466 1779 Et
502 1744 522 1779 si
555 1745 592 1780 in
627 1745 733 1781 fortia
762 1745 934 1783 Commu-

177 1818 198 1835 „
227 1791 281 1828 nis
322 1795 542 1842 pervenerint
580 1808 803 1843 quocumque
845 1806 934 1833 tem-

175 1868 196 1886 „
224 1856 326 1889 pore,
354 1844 483 1880 ultimo
514 1844 686 1893 supplicio
717 1846 934 1893 puniantur.

178 1917 197 1935 2,
224 1894 321 1929 Haec
357 1894 451 1930 enim
478 1897 623 1936 omnia,
660 1897 694 1931 8<
724 1896 853 1946 singula
882 1898 934 1934 su-

178 1968 198 1985 „
225 1943 376 1991 pradifflza
393 1968 403 1984 ‚
449 1955 489 1981 ut
531 1947 738 1995 generaliter
782 1948 933 1994 superius

179 2016 199 2032 ‚,
225 1993 448 2035 continetur,
478 1995 675 2043 specialiter
704 1998 738 2031 &
766 1997 931 2034 immuta—

177 2065 199 2082 „
225 2041 345 2077 biliter
379 2046 413 2079 δε
452 2046 628 2092 praecise,
668 2057 836 2095 perpetuo
874 2061 933 2096 per

178 2115 200 2132 ‚,
225 2102 310 2134 nos,
337 2093 370 2126 δε
397 2093 535 2129 heredes
563 2095 600 2131 ὃ(
628 2096 870 2134 descendentes
897 2100 930 2133 8<

177 2165 198 2182 „
224 2139 422 2177 successores
443 2142 571 2179 nostros
591 2146 790 2182 ordinamus
815 2149 849 2182 8<
871 2161 931 2184 vo-

179 2214 200 2232 „
227 2190 342 2226 lumus
368 2191 564 2237 observari,
591 2195 691 2229 nullo
718 2196 790 2230 alio
817 2199 930 2234 Statu-

176 2263 198 2283 „
223 2250 284 2283 to,
321 2242 589 2287 ordinamento,
625 2244 793 2289 consilio,
829 2247 863 2281 &
898 2261 931 2282 a·

178 2315 200 2334 ,‚
223 2303 330 2339 rengo
366 2291 458 2328 faffio
485 2294 519 2328 &
548 2292 707 2330 faciendo
736 2294 774 2330 in
810 2297 932 2344 aliquo

178 2363 201 2382 ,‚
224 2341 376 2377 obstante
413 2342 494 2379 huic
528 2344 697 2392 praesenti
725 2347 865 2382 statuto
892 2347 929 2385 ὅ(

176 2413 199 2433 .,
224 2391 505 2429 ordinationibus
543 2393 747 2442 supradiRis
777 2405 848 2432 tarn
879 2397 930 2433 so-

181 2463 202 2482 „
227 2442 390 2479 lemniter
423 2445 458 2479 St
495 2442 640 2481 discrete
676 2459 715 2481 ac
752 2459 794 2482 ex
837 2457 929 2484 certa

179 2514 199 2533 ,‚
227 2490 369 2528 scientia
409 2498 646 2540 praenotatis.
687 2498 735 2532 Et
774 2498 866 2544 quod
906 2497 928 2533 si

176 2559 199 2584 .
221 2540 366 2577 resistere
401 2543 456 2580 seu
491 2554 612 2582 eontra
647 2545 729 2584 stare
764 2547 928 2597 reperire-

276 2594 366 2630 Tcm.
393 2596 458 2633 XI,

400 233 793 278 DIJSERTATIO
820 234 1601 298 ‚QUINQJAGESIMAQUARTAE

182 314 205 337 a·
229 297 290 334 stas
326 293 364 331 δε
398 292 574 329 Homines
612 293 789 328 Ferrariae
824 295 858 327 δε
886 294 937 329 di-
980 301 1015 333 A

1673 257 1754 287 223

1054 316 1072 330 ‚,
1101 300 1158 326 tur
1185 291 1222 327 in
1253 294 1422 337 praesenti
1451 304 1607 344 tempore
1635 301 1690 334 vel
1722 302 1814 337 futu-

1052 365 1072 380 „
1098 353 1138 376 ro
1160 341 1306 388 aliquod
1329 345 1509 382 statutum
1534 346 1664 384 faE'cum
1686 353 1740 385 vel
1766 351 1814 388 fa-

1052 414 1073 429 „
1100 391 1286 430 ciendum,
1324 406 1369 428 ex
1405 407 1498 433 nunc
1535 411 1597 446 pro
1627 400 1716 435 casso
1753 401 1811 438 ha-

1050 464 1071 480 „
1101 441 1222 476 beatur
1247 443 1281 476 &
1309 442 1454 482 inutili.
1492 449 1538 484 Et
1571 463 1631 498 per
1658 451 1812 498 praesens

1050 514 1071 528 n
1099 493 1275 528 statutum
1302 492 1340 530 &
1368 508 1406 531 ea
1425 523 1434 539 ,
1463 511 1550 545 quae
1585 501 1623 536 in
1659 514 1701 536 eo
1730 516 1812 538 con-

1051 565 1070 579 „
1097 542 1279 583 tinentur,
1303 546 1466 582 omnibus
1491 549 1570 585 aliis
1599 552 1745 587 statutis
1772 553 1811 591 δε

1051 614 1071 629 „
1097 592 1379 635 ordinamentis‚
1417 598 1570 635 consiliis
1606 601 1644 638 ὅ(
1674 603 1811 652 arengis

1052 664 1071 679 „
1099 642 1257 692 derogari
1294 647 1456 684 volumus
1473 673 1483 689 ,
1520 651 1553 685 &
1581 651 1782 701 derogamus
1803 680 1813 691 .

1052 715 1072 729 n
1100 692 1241 742 Insuper
1267 696 1438 733 continuo
1475 699 1513 735 in
1547 702 1698 749 praefata
1728 717 1810 740 con-

980 750 1009 784 Β
1051 765 1070 779 .‚
1098 744 1198 780 cione
1239 747 1402 795 Magister
1439 752 1656 798 Apollonius
1698 757 1812 791 Nota-

1051 815 1070 830 „
1098 794 1197 838 rius,
1234 797 1403 841 Syndicus
1439 802 1481 836 ab
1512 803 1743 841 Universitate
1774 806 1811 842 δε

1051 864 1071 881 „
1099 845 1200 892 plena
1243 848 1436 893 concione,
1478 853 1622 890 nomine
1661 856 1695 890 ὅ(
1733 855 1812 892 vice

1051 915 1070 931 „
1098 896 1308 932 Communis
1337 901 1533 946 Ferrariae,
1558 905 1592 939 ὃ(
1621 906 1731 942 totius
1760 908 1811 941 U-

1052 966 1070 981 „
1097 944 1307 982 niverfitatis
1326 949 1476 996 ejusdem
1497 954 1657 1001 legitIme
1677 956 1811 992 ibidem

1053 1016 1075 1031 ‚‚
1099 995 1305 1032 constitutus
1339 1000 1380 1033 ad
1412 1000 1605 1049 suprad15ta
1635 1005 1672 1042 δί
1705 1005 1815 1041 infra-⁷

1055 1067 1073 1082 ‚‚
1099 1043 1248 1093 scripta,
1266 1047 1410 1084 nomine
1427 1052 1459 1085 8<
1480 1052 1555 1088 vice
1573 1054 1683 1090 totius
1704 1057 1813 1091 Com-

1052 1117 1071 1132 „
1099 1095 1214 1131 munis
1255 1095 1293 1133 ἃ
1331 1100 1575 1139 Universitatis
1618 1105 1814 1141 ferrarien*

1054 1168 1073 1182 „
1100 1144 1138 1179 sis
1156 1172 1166 1189 ,
1195 1147 1349 1194 promisit
1376 1152 1591 1190 nobiliffimo
1621 1156 1710 1191 Viro
1738 1158 1812 1191 Da-

981 1193 1013 1230 C
1053 1218 1072 1231 .‚
1102 1195 1202 1231 mino
1231 1197 1412 1243 Obizoni,
1449 1203 1517 1238 Dei
1547 1206 1581 1239 &
1610 1205 1813 1254 Apostolicd

1055 1267 1075 1282 ‚,
1102 1247 1215 1293 gratia
1241 1248 1368 1285 Estensi
1396 1250 1434 1288 &
1462 1255 1690 1291 Anconitano
1717 1259 1813 1291 Mar-

1053 1318 1073 1331 „
1102 1296 1244 1335 ebioni,
1275 1303 1394 1346 nepoti
1421 1302 1455 1336 8(
1487 1303 1604 1340 heredi
1639 1304 1811 1354 Magnifi-

1054 1368 1072 1381 ,.
1099 1344 1132 1379 ci
1161 1346 1243 1380 Viri
1269 1348 1357 1383 olim
1386 1351 1496 1387 bonae
1524 1355 1711 1390 memoriae
1740 1358 1812 1391 Do·-

1052 1418 1071 1433 ,‚
1099 1394 1191 1430 mini
1219 1398 1355 1434 Azonis
1392 1400 1614 1439 Marchionis
1646 1405 1812 1450 Estenfis,

1052 1468 1072 1482 ,,
1101 1445 1248 1481 solemni
1271 1448 1517 1497 stipulatione,
1546 1467 1607 1500 pro
1629 1454 1660 1489 se
1681 1454 1718 1491 ἃ
1741 1455 1810 1491 suis

1052 1518 1070 1532 ,‚
1098 1494 1179 1529 filiis
1205 1497 1240 1529 &
1269 1498 1446 1534 heredibus
1473 1501 1670 1547 stipulanti,
1697 1505 1812 1550 supra-

1052 1566 1071 1581 „
1098 1541 1193 1577 dista
1221 1546 1341 1580 omnia
1368 1546 1404 1582 ἃ
1436 1547 1565 1597 singula
1602 1551 1639 1587 in
1669 1552 1812 1602 singulis

1051 1617 1070 1632 ,‚
1097 1594 1262 1641 capitulis
1280 1594 1475 1642 specialiter
1492 1601 1683 1639 nominatis
1695 1631 1705 1648 ‚
1721 1618 1809 1651 quae

981 1644 1011 1676 D
1049 1641 1133 1682 „in
1176 1646 1316 1680 Statuto
1359 1647 1512 1693 praefato
1553 1654 1807 1700 continentur,

1049 1718 1069 1733 ‚‚
1096 1692 1138 1727 de
1164 1693 1421 1741 jurisdiEiione‚
1449 1700 1604 1738 dominio
1631 1702 1668 1740 &
1697 1704 1807 1752 impe<

1049 1768 1068 1784 „
1095 1742 1149 1777 rio
1188 1747 1345 1782 concesso
1385 1749 1418 1784 &
1460 1753 1616 1788 concessa
1653 1754 1807 1801 praefato

1047 1818 1066 1832 ‚‚
1097 1794 1252 1830 Domino
1279 1798 1429 1833 Obizoni
1459 1803 1661 1839 Marchioni
1692 1806 1806 1841 men--

1049 1868 1066 1884 ,‚
1093 1842 1138 1886 fi,
1163 1857 1182 1879 a
1208 1847 1403 1884 Communi
1431 1853 1605 1889 Ferrariae
1630 1854 1723 1890 faSto
1747 1869 1806 1892 eo-

1047 1919 1066 1935 ,,
1092 1895 1170 1928 dem
1207 1896 1287 1935 die,
1324 1897 1425 1935 firma
1463 1901 1584 1938 habere
1622 1906 1654 1940 &
1688 1915 1804 1942 tenere

1046 1970 1066 1985 ‚,
1094 1955 1260 1991 perpetuo
1292 1960 1354 1995 pro
1380 1952 1575 1989 Communi
1608 1956 1802 2001 Feri-ariae,

1047 2020 1065 2034 .,
1091 1997 1124 2027 ὅ(
1163 2007 1232 2030 non
1270 2002 1511 2037 contravenire
1549 2005 1654 2040 modo
1681 2006 1803 2054 aliquo

1046 2070 1065 2083 ,‚
1093 2044 1148 2077 vel
1175 2047 1314 2093 ingenio
1342 2049 1408 2086 sive
1432 2051 1552 2097 causa,
1576 2056 1693 2102 aliquo
1718 2067 1803 2092 tem-

972 2090 998 2122 E
1045 2119 1066 2133 ‚,
1094 2105 1199 2139 pore,
1226 2096 1287 2132 sub
1313 2099 1533 2149 obligatione
1568 2105 1705 2143 suorum
1741 2109 1802 2143 bo*

1046 2168 1067 2184 „
1093 2156 1242 2200 norum,
1277 2148 1312 2183 8<
1349 2149 1562 2190 Communis
1599 2158 1800 2201 ferrariae,

1045 2219 1064 2233 „
1089 2193 1120 2227 δι
1151 2198 1212 2231 sub
1238 2211 1345 2244 poena
1371 2202 1404 2237 &
1432 2203 1469 2238 in
1493 2217 1601 2252 poena
1629 2207 1696 2243 tria
1721 2208 1801 2243 mil-

1046 2266 1065 2285 „
1092 2244 1140 2279 lia
1162 2247 1387 2286 Marcharum
1412 2255 1568 2302 argenti.
1597 2259 1697 2303 Quae
1721 2257 1800 2306 qui-

1044 2319 1063 2335 ‚‚
1089 2294 1166 2331 dem
1193 2310 1302 2345 poena
1323 2301 1429 2338 toties
1452 2304 1577 2352 peti&
1601 2308 1696 2356 exigi
1724 2306 1797 2354 pos-

1047 2370 1065 2384 „
1092 2344 1132 2380 sit
1168 2360 1246 2384 curn
1276 2351 1425 2397 effeRu,
1453 2356 1591 2402 quoties
1627 2357 1664 2393 in
1703 2369 1795 2405 prae-

1044 2422 1063 2436 „
1090 2396 1194 2433 diffiis
1230 2402 1286 2436 vel
1327 2403 1503 2450 aliquibus
1540 2407 1793 2453 praedi5³corum

1045 2472 1063 2486 ‚,
1090 2449 1341 2488 contrafa&um
1379 2454 1509 2492 fuerit:
1536 2458 1568 2492 ἃ
1606 2457 1677 2502 ipsa
1714 2467 1793 2500 poe-

1041 2524 1061 2538 „
1087 2497 1129 2531 na
1170 2498 1282 2537 soluta
1325 2504 1379 2538 vel
1423 2518 1521 2549 non,
1560 2504 1793 2540 nihilominus

1043 2575 1062 2592 „
1087 2552 1206 2585 omnia
1235 2552 1268 2587 ὃς
1299 2552 1455 2602 singula,
1483 2567 1568 2602 quae
1605 2553 1642 2588 in
1680 2554 1796 2602 supra·⁴

1165 2600 1194 2645 Ε
1596 2627 1619 2643 »2
1645 2605 1743 2654 dieiq
