2248 3136
730 213 768 252 E
860 217 900 252 X

445 223 526 263 757

991 216 1026 254 C
1117 218 1155 255 E
1244 218 1285 255 R
1375 218 1411 256 P
1500 218 1542 257 T
1630 221 1675 257 A

1870 220 1956 275 7³3

384 266 484 314 puli,
518 266 551 302 δι
582 267 693 303 multa
731 269 823 304 mala
850 270 976 306 intulit
1014 273 1147 307 Romae
1187 270 1234 306 A*
1257 273 1336 308 dem
1364 285 1455 309 anno
1484 273 1665 322 Bendogar
1693 276 1774 312 VII.
1811 278 1936 313 Martii
1965 291 2017 314 ce-

386 314 424 351 &
463 316 652 361 Ecclefiis‚
688 318 781 355 inibi
817 320 994 356 thesauros
1029 321 1146 357 distra-

387 365 494 407 hens,
522 367 675 413 depofita
711 370 900 418 arripiens.
937 371 1067 419 Aliqui
1094 372 1144 409 di-

386 427 495 462 cunt,
532 418 625 466 quod
665 421 738 455 Rex
776 422 923 458 Carolus
960 435 1038 459 eum
1077 425 1148 459 Ro-

385 479 479 504 mam
509 482 570 517 pro
607 469 667 506 suo
703 470 798 507 mifit
836 473 1002 510 Vicario.
1028 474 1146 510 Adve-

384 518 500 555 nienti
537 519 648 569 igitur
684 521 890 559 Conradino
927 523 1147 560 confoedera-

383 577 464 614 tur,
482 572 513 606 δ(
533 571 653 620 grandi
673 573 824 610 collegio
839 574 995 611 exercitu
1014 577 1147 611 xvm.

384 619 442 655 die
470 623 614 671 Augusti
640 623 680 659 de
707 626 800 661 Urbe
825 626 1040 675 egredientes
1064 639 1142 662 con·

384 680 439 707 11¹2
471 675 595 722 R?gessl
625 676 791 711 CssfOlulU
829 687 1038 727 properant;
1068 691 1146 726 ΡΓΟ-
1173 695 1176 714 1

1171 355 1174 385 ἐ

385 721 593 771 vinciaeque
635 726 807 763 Civitates
850 729 884 762 8(
927 728 1041 763 Castra
1078 729 1146 776 jam
1174 719 1218 761 13

384 773 552 809 rebellare
596 774 794 822 incipiunt.
840 780 922 824 Quo
965 788 1146 827 comperto

383 824 533 861 Carolus
576 828 781 863 Conradino
827 829 967 865 obviam
1021 832 1146 871 venit,

381 885 447 910 nec
485 875 652 913 interiora
692 878 803 928 Regni
832 882 959 916 intrare
996 884 1145 929 patitur.

380 926 608 963 Concurrunt
637 942 719 978 ergo
743 933 830 966 acies
856 930 893 966 in
919 933 1056 980 Campo
1084 933 1141 968 Pa-

381 975 490 1014 leno.
534 979 605 1014 Diu
646 979 684 1016 δζ
737 989 910 1030 pugnatur
955 983 1144 1030 utrinque.

379 1027 554 1064 Tamdem
586 1031 779 1078 praevaluit
807 1035 894 1068 acies
922 1032 1143 1075 Contadini,

380 1076 607 1128 inventisque
633 1081 739 1117 armis
767 1083 912 1124 Caroli,
939 1084 1059 1120 omnia
1088 1098 1142 1135 pe-

379 1128 474 1164 taeta
517 1138 663 1176 putant,
704 1132 737 1166 ὅ(
781 1132 966 1170 securitate
1002 1146 1143 1184 accepta

379 1178 422 1214 ad
451 1178 557 1226 spolia
587 1181 619 1216 se
648 1192 879 1221 convertunt.
914 1187 1019 1222 Tunc
1052 1187 1141 1223 subi-

377 1237 418 1265 to
447 1231 523 1267 Rex
550 1233 699 1269 Carolus
727 1247 804 1269 cum
833 1235 890 1271 sua
917 1236 991 1273 acie
1016 1237 1058 1273 de
1084 1251 1138 1274 oc-

376 1281 477 1316 culto
518 1281 556 1318 in
600 1285 779 1331 publicum
825 1285 965 1323 veniens
1006 1288 1043 1323 in
1085 1289 1142 1326 die

375 1331 480 1369 Beati
518 1334 782 1372 Bartholomaei
818 1336 1005 1385 dispersum
1043 1339 1141 1375 inva-

375 1381 432 1420 dit
459 1385 677 1432 exercitum,
705 1388 738 1423 3<
767 1387 884 1426 fundit
911 1389 1078 1433 caelitus,
1105 1392 1139 1426 8(

376 1435 506 1486 partim
536 1438 659 1478 caede,
689 1439 815 1494 partim
853 1439 1005 1495 fugando
1042 1442 1140 1478 anni·
1169 1466 1170 1469 =

377 1489 490 1530 hilar.
519 1497 652 1533 Omnes
682 1498 832 1533 Nobiles
855 1497 896 1534 de
926 1508 1020 1546 parte
1045 1500 1139 1535 Con-

374 1544 491 1583 radini
522 1548 596 1584 Rex
635 1548 826 1597 decapitari
855 1549 976 1599 jubet3
1010 1551 1138 1586 Henri-

376 1609 419 1632 co
445 1608 573 1646 nepote
601 1599 766 1639 detento,
794 1610 898 1648 atque
925 1600 964 1637 in
991 1602 1141 1649 quodam
1169 1621 1170 1624 ¹

376 1647 497 1684 Castro
533 1649 687 1688 recluso.
724 1652 966 1688 Com-adinum
1000 1663 1141 1695 autem,

378 1702 408 1732 &
446 1701 580 1737 Ducem
609 1702 791 1743 Austriae,
829 1704 1020 1739 Gerardum
1055 1716 1138 1747 quo·

376 1762 444 1796 que
481 1750 668 1790 Comitem
705 1753 747 1790 de
787 1753 889 1790 Pifis.
921 1754 962 1789 de
995 1753 1142 1789 confilio

379 1800 609 1847 Sapientum,
647 1805 827 1839 nonnullis
855 1813 972 1838 tamen
1004 1812 1142 1838 contra-

378 1849 601 1894 dicentibus,
638 1853 676 1888 in
705 1854 818 1900 platea
847 1854 1018 1895 Neapolis
1049 1853 1141 1900 capi·

376 1907 413 1935 te
440 1901 596 1937 truncari
623 1903 760 1938 voluit.
802 1902 878 1939 Post
905 1902 989 1939 haec
1021 1903 1061 1939 ad
1091 1916 1142 1938 re-

377 1951 588 1998 cuperandas
639 1953 850 1990 rebellantes
894 1955 1021 1991 Terras
1066 1956 1141 1990 Rex

379 2003 530 2038 Carolus
583 2005 761 2040 convertit:
811 2005 994 2049 animum,
1037 2004 1143 2051 idque

379 2051 456 2100 agit
493 2067 564 2090 non
602 2053 670 2091 sine
707 2056 820 2092 multa
858 2056 1032 2104 sanguinis
1060 2056 1143 2092 effu-

379 2102 500 2138 sione:
545 2106 639 2152 quod
688 2107 866 2144 Clementi
912 2109 1024 2156 Papae
1071 2120 1144 2143 non

382 2153 536 2201 placuit.
565 2157 647 2192 Fuit
671 2159 763 2193 enim
789 2158 845 2195 vir
869 2158 1061 2207 benignus,
1088 2172 1143 2207 ge-

383 2204 546 2241 neraliter
582 2206 766 2253 literatus,
803 2219 925 2246 cantor
952 2209 1143 2249 delicatus,

381 2254 419 2290 in
448 2255 690 2294 concionando
719 2273 787 2295 non
825 2261 952 2296 habens
990 2260 1143 2301 socium,

382 2304 445 2342 fibi
486 2306 654 2349 austerus,
691 2311 814 2347 ceteris
853 2312 950 2361 pius.
989 2311 1060 2347 Hic
1101 2311 1144 2348 de

384 2357 523 2394 Palatio
560 2358 620 2395 suo
656 2360 715 2397 ubi
752 2372 848 2405 erat,
893 2362 1052 2398 viterbii
1090 2362 1142 2399 vi-

381 2408 464 2443 dens
514 2409 748 2447 transeuntem
797 2413 994 2450 Conradini
1046 2413 1142 2450 mili—

381 2458 490 2504 tiam,
517 2461 609 2508 quafi
641 2462 878 2511 prophetando
909 2464 983 2507 ait,
1022 2464 1141 2500 dolen-

379 2509 461 2544 dum
491 2511 588 2560 super
613 2514 677 2549 tali
708 2528 834 2561 puero,
862 2515 923 2562 qui
948 2515 1067 2551 taliter
1095 2515 1142 2551 se-

378 2560 502 2599 dufftus
537 2564 719 2602 duceretur
754 2566 796 2603 ad
833 2566 1034 2604 vifflmam.
1069 2569 1139 2603 Eo·

1186 1184 1219 1222 (3

1259 323 1312 371 pit
1355 324 1557 370 proditione
1595 327 1741 373 Joppem
1784 327 1848 362 διε.
1891 331 2016 365 MCC·

1258 376 1390 410 LXIX.
1427 385 1572 411 vacante
1611 378 1767 413 Romana
1800 377 1884 414 Sede
1913 390 2019 428 atque

1260 423 1434 473 Imperio,
1463 427 1538 462 Rex
1574 428 1721 464 Carolus
1758 427 1791 464 se
1828 429 2018 476 prosperari

1259 489 1423 517 cernens,
1459 477 1500 512 ad
1531 487 1642 523 partes
1678 478 1764 515 alias
1797 478 1829 515 se
1866 480 2019 525 dilatat,

1258 528 1291 562 &
1320 526 1396 563 filio
1425 526 1484 564 suo
1513 528 1677 578 Philippo
1705 529 1816 566 filiam
1844 530 2020 579 Principis

1258 578 1414 627 Achajae
1450 579 1648 627 accipiens,
1686 581 1923 628 principatum
1964 595 2019 618 ac-

1258 628 1388 677 quirit,
1429 638 1620 678 contraque
1658 631 1906 679 palaeologum
1935 632 2019 668 mit-

1259 680 1305 715 tit
1346 680 1544 722 militiam,
1597 692 1685 727 quae
1728 693 1819 716 nunc
1863 682 2020 731 prospere

1257 730 1353 780 egit,
1380 743 1473 765 nunc
1500 729 1639 766 adversa
1667 731 1816 781 perpeffa
1843 731 1910 770 est.

1257 833 1429 869 Particula
1455 835 1568 870 XVII.
1595 835 1634 869 de
1657 833 1802 879 Paffizgio
1825 834 1932 870 SanHi
1959 837 2021 872 Re·

1372 886 1431 930 gis
1459 885 1611 920 Ludo-„vici
1638 885 1673 919 in
1701 886 1900 923 Tunicium.

1256 986 1564 1079 MCCLXX.
1583 985 1696 1023 mense
1716 987 1799 1031 Iulii
1821 990 1896 1024 Rex
1913 991 2023 1024 Fran·

1410 1041 1479 1074 ciae
1502 1038 1704 1076 Ludovicus
1725 1040 1794 1075 διε.
1813 1041 1916 1075 Tunc
1936 1052 2022 1087 quo-

1255 1102 1322 1136 que
1363 1093 1436 1126 Rex
1472 1091 1622 1126 Carolus
1661 1089 1874 1138 requiritur,
1904 1100 1942 1126 ut
1981 1090 2022 1127 in

1255 1141 1431 1178 auxilium
1469 1142 1573 1178 vadat
1613 1141 1698 1190 Regi
1736 1141 1920 1178 Ludovico
1948 1140 2018 1178 fra·

1254 1191 1321 1228 tri.
1352 1195 1443 1228 Nam
1473 1205 1582 1239 quum
1610 1192 1767 1229 intrasset
1796 1195 1870 1229 Rex
1899 1193 2022 1229 Ludo-

1256 1242 1352 1278 vicus
1380 1242 1537 1291 regiones
1565 1241 1795 1290 Carthaginis
1811 1271 1818 1279 ,
1842 1242 2019 1290 ορίἀεῐῃίι

1255 1293 1367 1328 statim
1396 1292 1518 1328 invafit
1555 1294 1746 1329 exercitum
1765 1318 1772 1329 .
1799 1292 1836 1329 &
1866 1293 1938 1340 ipse
1965 1293 2021 1329 in·-

1255 1343 1436 1380 firmatur.
1474 1345 1513 1379 In
1549 1357 1618 1391 qua
1654 1342 1866 1378 infirmitate
1908 1345 2020 1379 Deum

1255 1395 1394 1431 laudare
1421 1407 1491 1430 non
1519 1395 1668 1439 cessans,
1696 1395 1757 1431 illa
1785 1393 1881 1443 saepe
1909 1394 2021 1431 inter-

1254 1446 1405 1485 serebat:
1437 1451 1508 1483 Fac
1542 1461 1598 1484 nas
1629 1459 1688 1493 pro
1715 1458 1770 1482 tuo
1805 1459 1912 1481 amore
1944 1456 2021 1490 pro-

1232 1494 1348 1546 spera
1384 1501 1497 1536 'mundi
1537 1498 1720 1547 despicere,
1751 1497 1786 1532 ⁴&
1825 1502 1912 1532 nulla
1952 1498 2022 1544 ejus

1253 1551 1390 1598 adrerfh
1418 1552 1616 1594 formidare.
1644 1552 1691 1586 Et
1732 1563 1795 1599 pro
1822 1548 1953 1597 populo
1980 1560 2019 1582 o-

1253 1597 1372 1641 rabat:
1404 1605 1475 1649 Esto
1507 1605 1593 1649 plebi
1630 1613 1708 1637 tuae
1733 1599 1954 1645 sanfflficator
1981 1596 2019 1633 &⁶

1253 1658 1366 1701 casios:
1394 1648 1440 1694 Θ
1477 1667 1572 1699 quam
1607 1653 1674 1686 tibi
1707 1650 1789 1691 facis
1825 1651 1881 1694 effi³
1922 1651 2019 1683 devo-

1253 1698 1343 1748 tam,
1369 1706 1505 1747 benigno
1531 1703 1643 1748 reso-:e
1669 1699 1840 1743 miseratus
1867 1700 2018 1735 auxilio.

1255 1758 1299 1790 Et
1326 1754 1609 1802 appropinquans
1646 1751 1687 1786 ad
1726 1748 1855 1793 finem,
1883 1749 2018 1785 caelum

1254 1799 1463 1852 suspiciens,
1505 1803 1582 1838 ait:
1622 1799 1768 1837 Introibo
1809 1801 1845 1835 in
1885 1804 2019 1834 Domum

1253 1867 1363 1890 tuam.
1402 1857 1548 1889 Adoraho
1590 1856 1636 1888 ad
1674 1855 1839 1896 Templum
1874 1853 2019 1886 Saffum

1254 1917 1369 1942 tuum.
1396 1908 1480 1951 Quo
1507 1904 1602 1942 dieto
1636 1902 1852 1939 obdormivit
1879 1902 1916 1938 in
1949 1904 2020 1938 Do-

1255 1958 1375 2000 mino,
1404 1956 1591 2004 secumque
1617 1954 1712 1991 filius
1739 1953 1912 1999 Iohannes
1934 1952 2019 1989 Tri-

1255 2009 1388 2048 stanm,
1426 2006 1603 2054 ceterique
1638 2006 1670 2041 ei
1703 2005 1867 2052 sanguine
1905 2003 2017 2053 junffi

1254 2059 1346 2108 quafi
1372 2072 1511 2098 omnes,
1538 2066 1671 2106 praeter
1694 2056 1917 2102 Philippum.
1941 2054 2017 2090 Post

1254 2111 1338 2146 haec
1366 2112 1442 2146 Rex
1470 2109 1619 2145 Carolus
1646 2108 1683 2144 in
1711 2106 1883 2144 auxilium
1912 2105 2015 2142 Chri-

1255 2161 1354 2197 stiani
1381 2161 1555 2197 exercitus
1583 2159 1702 2195 venit.
1730 2159 1763 2194 &
1793 2167 1932 2206 propter
1963 2156 2014 2192 di-

1255 2213 1347 2252 stam
1389 2211 1598 2260 epiderniam
1637 2209 1727 2246 {³815
1765 2207 2016 2256 compositione

1256 2277 1334 2299 cum
1372 2265 1467 2312 Rege
1503 2261 1675 2305 Tunicii‚
1712 2259 1749 2298 &
1783 2259 1919 2308 accepta
1949 2271 2016 2294 ma-

1255 2315 1321 2357 gna
1356 2313 1488 2349 summa
1515 2313 1681 2360 pecuniae
1719 2321 1858 2360 propter
1887 2322 2013 2357 expen-

1256 2365 1328 2407 sas,
1355 2379 1438 2413 quas
1468 2367 1575 2413 Reges
1603 2364 1655 2401 ibi
1692 2362 1864 2405 fecerant,
1897 2368 2012 2396 torum

1254 2416 1449 2452 exercitum
1489 2415 1594 2451 duxit
1634 2415 1673 2451 in
1719 2413 1894 2450 Siciliam.
1937 2410 2014 2450 Ubi

1257 2469 1332 2503 Rex
1370 2469 1546 2503 Navarrae
1583 2465 1651 2502 fuit
1678 2463 1923 2507 Theobaldus,
1951 2463 2014 2510 qui

1255 2526 1396 2554 venerat
1436 2530 1514 2553 cum
1556 2516 1683 2553 Sanan
1722 2514 1929 2551 Ludovico.
1966 2517 2012 2552 Et

1255 2582 1363 2616 quum
1391 2568 1559 2606 venissent
1585 2567 1627 2604 ad
1659 2568 1802 2603 Portum
1839 2566 2011 2612 Trapani-

1909 2626 1957 2652 ta-
