2248 3136
259 259 342 299 497
418 236 1634 304 DJSSERTATIQQQ1N‚QUAGESIMASEPT⁴JMA.
1693 239 1778 289 498

204 301 241 338 in
280 298 501 335 Affumtione
538 295 682 331 Sanaae
720 297 883 339 Mariae,
922 309 962 332 in
1000 302 1035 333 A
1078 293 1335 336 Letaniarum,
1382 291 1421 328 &
1463 290 1696 339 vespertinum
1741 302 1840 344 luper

204 349 430 385 Ordinatione
457 346 572 384 Sanfi’ci
602 345 794 386 Ambrofii,
822 351 852 380 ὅ(
879 348 962 381 San·
1078 345 1264 379 ambonem
1282 370 1293 388 ‚
1337 355 1426 391 quae
1471 343 1653 389 Presbyter
1695 343 1840 394 suscipit

202 400 251 436 ffi
277 399 463 448 Stephani.
506 397 623 434 Finita
660 397 800 442 Alleluja
834 397 961 432 Diaco-
1078 396 1133 429 vel
1162 395 1284 436 tollit,
1312 406 1418 440 quum
1445 403 1681 441 opportunum
1708 398 1739 431 ei
1767 396 1840 433 fue-

200 463 264 487 nus
292 450 443 486 ascendit
473 448 653 496 pulpitum
684 461 762 484 cum
804 449 961 496 Evange-
1077 448 1143 480 rit.
1171 447 1218 479 Et
1242 453 1415 492 praeterea
1444 443 1638 490 sciendum,
1667 450 1748 492 quia
1769 450 1842 484 Ar-

202 501 282 545 lio,
326 500 547 548 praecedente
589 512 668 535 eum
710 497 885 541 Lestore,
923 497 960 535 ὅ(
1077 494 1317 543 chiepiscopus
1354 508 1424 530 non
1463 494 1576 531 utitur
1613 498 1745 544 pallio,
1781 500 1839 535 vel

203 552 364 589 trahente
399 550 530 586 sursum
569 563 628 595 per
663 562 760 586 oram
792 548 962 593 Camifii,
1077 546 1160 581 stolfi
1189 558 1247 592 per
1275 554 1388 600 totam
1417 546 1748 595 Quadragefimam,
1776 549 1837 586 nisi

203 604 238 639 8<
281 602 390 651 postea
433 600 589 637 deorsum
609 628 617 642 ‚
662 601 783 636 eodem
827 600 932 635 modo
952 626 962 643 ,
1077 597 1115 632 in
1159 595 1362 632 Dominicis
1403 597 1523 632 diebus
1542 625 1554 641 ,
1599 600 1654 634 vel
1698 603 1839 647 quando

202 666 275 701 quo
321 654 452 701 legerat
500 650 720 690 Paffionem,
766 651 822 686 vel
867 650 961 686 aliud
1077 647 1136 682 dat
1163 646 1273 682 sacros
1310 646 1459 683 Ordines
1497 648 1603 694 usque
1639 649 1676 685 in
1717 653 1840 689 Coena

202 703 377 751 quoddam
395 728 404 737 .
456 703 496 737 In
547 701 799 750 principalibus
850 710 963 737 autem
1079 696 1324 734 Domini..Et
1349 698 1494 743 Custos,
1521 703 1581 747 qui
1602 699 1690 736 solet
1717 703 1839 738 Matu-

203 753 309 790 Festis
349 753 524 788 Diaconus
565 760 680 797 portat
718 753 876 787 Textum
919 753 964 786 E-
1007 749 1034 782 i}
1078 749 1194 784 tinum
1221 747 1340 784 sonare
1358 776 1369 792 ,
1395 749 1456 785 diu
1485 749 1838 790 sonetffMatutiz-,um

204 803 447 852 vangeliorum
485 805 518 837 in
555 803 733 846 Gradum,
769 801 808 839 &
846 801 966 850 Major
1078 812 1136 847 per
1173 807 1284 834 totam
1322 800 1650 849 Quadragefirnam,
1687 803 1720 837 ἃ
1749 812 1838 839 tam..

203 855 394 891 Custodum
432 852 515 889 οΕὶο
551 855 724 888 minorum
763 861 882 901 portat
923 854 967 887 E·
1078 850 1137 885 diu
1166 849 1260 896 quod
1287 849 1454 886 ostiarius
1483 852 1754 889 Ebdomadarius
1782 854 1838 890 so·
1896 860 1899 861 ⁷

206 905 360 954 vangelii
387 905 534 941 Librum
565 903 636 951 post
662 916 762 939 eum.
791 906 837 939 Et
864 902 964 938 finito
1077 908 1136 935 net
1163 901 1308 935 alterum
1333 903 1626 939 tintinnabulum.
1654 905 1700 939 Et
1724 905 1836 953 postea.

204 955 402 1004 Evangelio
429 954 534 990 sumit
560 956 719 990 eumdem
750 955 895 991 Librum
923 953 964 988 de
1077 950 1170 1000 idem
1214 949 1382 986 Ostiarius
1430 952 1529 987 sonet
1570 953 1752 989 secundam
1799 957 1836 991 δε

203 1007 366 1044 manibus
393 1005 487 1055 ejus.
516 1005 579 1040 Sed
610 1005 648 1040 in
676 1005 754 1040 aliis
785 1003 963 1039 Festivita-
1078 1003 1239 1043 tertiam,
1266 999 1364 1035 ficuti
1392 1001 1588 1037 consuevit.
1615 1006 1662 1038 Et
1689 1005 1837 1041 Archie<

203 1057 299 1094 tibus
327 1069 412 1092 unus
441 1057 588 1091 duorum
627 1056 803 1091 minorum
841 1053 963 1089 Custo-
1079 1048 1237 1097 piscopus
1264 1050 1366 1085 debet
1393 1050 1591 1099 specialiter
1620 1051 1731 1090 facere
1768 1055 1838 1103 pri-

203 1108 288 1144 dum
318 1107 424 1143 sumit
459 1106 690 1154 Evangelium
731 1105 800 1150 post
828 1103 963 1139 descen·
1077 1112 1170 1135 mam
1198 1100 1437 1137 Ebdomadam
1467 1103 1757 1149 Quadragesimae
1797 1104 1838 1144 &

204 1158 280 1195 sum
318 1157 493 1193 Diaconi.
529 1156 665 1191 Deinde
704 1156 882 1190 Diaconus
912 1166 965 1189 ac-
1078 1151 1264 1191 ultimam,
1291 1150 1378 1187 ficut
1404 1165 1478 1189 mos
1506 1153 1569 1189 est.
1597 1155 1703 1200 Quod
1731 1154 1753 1190 si
1781 1156 1839 1192 de-

1001 1197 1034 1234 (Ἰ

203 1208 298 1244 cedit
334 1207 374 1242 ad
413 1208 538 1241 Altare
576 1207 609 1240 &
648 1205 842 1244 ministrat,
881 1204 965 1240 ficut
1077 1200 1205 1241 fuerit,
1243 1203 1427 1248 Presbyter
1463 1204 1738 1241 Ebdomadarius
1774 1220 1839 1252 pro

199 1256 312 1294 moris
352 1256 418 1296 est,
460 1255 497 1292 &
543 1255 627 1290 ficut
669 1257 767 1291 suora
811 1255 964 1304 legitur.
1077 1265 1119 1287 eo
1145 1251 1305 1300 fungitur
1331 1253 1482 1289 Officio.
1514 1255 1666 1292 Primam
1696 1257 1840 1294 Leffio-

201 1307 323 1344 ceteri
354 1309 435 1342 vero
456 1306 825 1354 complent„Offic1mn
849 1307 965 1345 suum,
1078 1315 1156 1338 nem
1185 1304 1273 1351 legit
1303 1304 1392 1339 Puer
1420 1304 1577 1353 Magistri
1605 1308 1809 1344 Scholarum
1826 1336 1839 1355 ,

202 1358 292 1394 ficut
319 1357 429 1393 moris
456 1356 528 1396 est,
565 1361 596 1390 &
623 1370 681 1391 eos
709 1362 828 1392 decet.
870 1358 966 1392 Prae-
1078 1363 1226 1401 excepto
1253 1353 1291 1389 in
1318 1354 1537 1392 Anthenrica
1555 1381 1566 1396 ,
1593 1358 1732 1405 quando
1762 1361 1838 1395 No-

202 1417 300 1451 terea
328 1407 502 1446 sciendum
532 1406 602 1446 est,
629 1408 712 1454 quia
749 1408 964 1452 S>=ptimana—
1079 1407 1186 1440 tarius
1224 1405 1335 1453 legit,
1372 1407 1406 1440 &
1435 1405 1616 1444 secundam
1655 1408 1838 1447 similiter,

202 1458 275 1496 rius
314 1457 576 1494 Cicendelarius
612 1458 712 1494 ducit
738 1457 775 1493 in
814 1460 963 1493 Secreta·
1081 1455 1235 1490 Primum
1269 1455 1539 1502 Responsorium
1567 1468 1686 1495 cantat
1725 1462 1839 1496 Nota-

203 1509 295 1545 rium
333 1508 515 1547 Calicem,
553 1507 615 1555 qui
653 1508 721 1544 fuit
759 1510 796 1543 in
832 1508 966 1545 Missa.
1078 1506 1148 1541 ssus
1181 1505 1268 1553 juffu
1308 1507 1506 1543 primicerii
1543 1508 1615 1548 sui,
1650 1509 1839 1548 secundum

204 1558 326 1595 F-uitzi
354 1558 464 1593 Missa
494 1558 596 1593 Pueri
626 1558 787 1605 Magistri
826 1560 962 1595 Schola*
1077 1559 1159 1591 vero
1195 1556 1292 1591 canit
1328 1557 1480 1597 Leston
1516 1558 1689 1607 incipiens
1726 1562 1744 1596 ὲ
1782 1564 1838 1597 Se-

203 1622 284 1646 rum
321 1608 448 1643 denent
486 1607 612 1642 habere
648 1622 756 1644 unum
800 1623 964 1658 magnum
1077 1605 1279 1641 cundicerio
1308 1620 1367 1654 per
1393 1607 1551 1644 ordinem
1583 1609 1688 1656 usque
1715 1611 1755 1647 ad
1785 1612 1837 1648 ul-

1009 1654 1037 1685 C)

1078 1659 1225 1697 timum,
1252 1658 1285 1691 &
1315 1657 1358 1693 fic
1387 1671 1445 1706 per
1472 1669 1581 1696 totam
1609 1661 1836 1710 Quadragefi-

205 1672 329 1709 panem
346 1687 356 1703 ,
383 1659 417 1694 δι
444 1657 593 1708 lingulas
622 1658 757 1707 phialas
786 1660 890 1696 vini.

1078 1720 1168 1742 mam
1187 1734 1196 1743 .
1248 1709 1410 1744 Tertiam
1459 1710 1547 1759 legit
1597 1712 1835 1749 Subdiaconus
1872 1749 1879 1755 ,

263 1761 425 1805 ‚Qaliter
451 1761 591 1806 Officium
618 1762 906 1807 Qadragefimale
1077 1758 1377 1799 Ebdomadarius,
1414 1770 1562 1808 excepto
1602 1761 1640 1797 in
1680 1762 1834 1798 Parasce-

292 1812 471 1845 celebretur
497 1811 531 1844 in
559 1812 694 1858 Ecclcfia
720 1814 899 1856 Hyemali.
1077 1822 1164 1853 ven,
1192 1812 1225 1844 in
1254 1822 1321 1857 qua
1353 1810 1514 1847 Pontifex
1543 1812 1646 1860 legit.
1675 1814 1720 1848 Et
1744 1816 1835 1850 inter

1077 1859 1158 1895 haec
1186 1859 1387 1909 sciendum;
1425 1862 1564 1909 quoties
1601 1863 1834 1900 Subdiaconus

254 1914 290 1948 N
318 1910 588 1961 Q=1adragefirna
615 1912 742 1948 Altare
779 1913 966 1958 Hyemalis
1075 1910 1189 1959 legit,
1217 1924 1304 1947 unus
1331 1911 1478 1947 duorum
1507 1913 1684 1950 minorum
1713 1914 1835 1951 Custo-

278 1962 447 1998 Ecclefiae
483 1964 586 1998 debet
622 1962 796 2011 cooperiri
831 1963 967 1999 cortina
1075 1961 1156 1997 dum
1194 1963 1529 1999 Ebdomadariorum
1567 1964 1748 2014 emungit,
1775 1966 1834 2002 vel

206 2013 268 2047 illa
296 2013 455 2057 sericinai,
483 2014 520 2049 in
548 2026 616 2060 qua
644 2013 872 2050 continentur
899 2025 966 2050 tres
1075 2012 1236 2048 emendat
1277 2013 1310 2048 ei
1353 2014 1531 2049 candelam
1577 2015 1613 2050 in
1657 2015 1830 2053 lefflone.

208 2062 406 2105 Historiae,
443 2065 553 2109 prima
597 2064 782 2108 Abrahae,
821 2064 966 2111 secunda
1075 2062 1194 2097 Finita
1220 2062 1324 2098 tettii'i¹
1349 2062 1503 2100 legi-'ione
1530 2064 1677 2102 ultimus
1709 2069 1834 2103 Diaco-

206 2113 354 2162 Joseph,
391 2114 495 2149 tertia
534 2114 671 2156 David,
701 2114 808 2161 usque
835 2115 877 2150 ad
905 2115 966 2150 ho-
1009 2104 1037 2137 E
1075 2126 1136 2147 nus
1164 2112 1319 2161 imponit
1355 2115 1599 2163 Antiphonam
1630 2116 1666 2152 in
1694 2120 1831 2153 Benedi-

206 2176 282 2198 ram
321 2164 419 2198 illam
461 2164 533 2199 diei
576 2163 782 2208 Parasceve,
824 2164 861 2200 in
899 2178 966 2212 qua
1073 2166 1162 2206 Has,
1203 2165 1408 2200 revertendo
1448 2166 1489 2201 ad
1531 2166 1703 2208 stadium,
1744 2168 1831 2205 ficut

207 2213 298 2250 dicit
337 2215 535 2250 Diaconus:
575 2216 729 2249 inclinato
755 2217 861 2259 capite
889 2217 965 2250 emi·
1073 2213 1278 2250 consuevit.
1328 2216 1374 2250 Et
1426 2216 1719 2265 Archiepiscopus
1771 2221 1827 2256 vel

194 2265 247 2312 fit
282 2263 455 2308 spiritum.
492 2267 540 2300 Ec
575 2264 676 2314 super
702 2266 875 2301 cortinam
906 2279 966 2314 po-
1073 2266 1254 2310 Presbyter
1281 2264 1370 2301 dicit
1405 2268 1613 2304 Orationem
1641 2268 1825 2313 secretam,

205 2314 305 2350 nitur
332 2329 462 2362 pannus
491 2315 590 2364 niger
626 2315 731 2364 usque
757 2317 799 2352 ad
839 2319 965 2353 Ramos
1070 2317 1103 2351 δε
1141 2315 1420 2352 Archidiaconus
1457 2317 1612 2367 imponit
1650 2319 1825 2366 Antipho-

209 2366 434 2414 Palmarum;
472 2364 510 2402 &
547 2365 714 2403 ostiarius
750 2366 966 2403 Ebdomada-
1070 2379 1148 2401 nam
1177 2366 1214 2401 in
1251 2366 1412 2412 Mzss’rere
1443 2371 1505 2403 mei
1534 2374 1621 2404 Deus
1648 2371 1687 2405 ad
1717 2382 1823 2405 cornu

207 2415 280 2457 rius
325 2416 428 2465 ponit
479 2430 631 2464 pannum
678 2417 815 2466 nigrum
867 2417 966 2466 super
1069 2418 1231 2460 Astaris,
1268 2427 1327 2453 aut
1354 2418 1392 2453 in
1428 2424 1602 2454 Canta-ms
1629 2420 1664 2455 in
1704 2422 1824 2454 Domi-

208 2466 361 2503 mensam
390 2467 546 2513 Pulpiti.
582 2468 624 2503 In
660 2468 878 2504 Authentica
906 2482 966 2504 au-
1069 2467 1157 2503 nicis
1186 2467 1325 2503 diebus.
1351 2471 1398 2504 Et
1425 2469 1716 2518 Archiepiscopus
1736 2469 1823 2506 dicit

206 2524 277 2553 tem
307 2518 408 2566 ponit
434 2519 577 2553 rubeum
597 2545 606 2561 ‚
635 2517 672 2555 &
701 2519 818 2554 minor
843 2519 965 2555 Custo-
1040 2515 1044 2547 Ι
1068 2522 1215 2554 aiteram
1248 2519 1455 2555 Orationem
1488 2520 1650 2555 secretam
1683 2519 1719 2554 in
1750 2521 1823 2555 Do-

206 2568 290 2613 dum
318 2568 653 2606 Ebdomadariorum
680 2570 783 2620 ponit
809 2571 964 2607 rotulum
1069 2568 1208 2606 mimicis
1254 2570 1397 2615 diebuS,
1443 2570 1528 2605 stans
1574 2568 1736 2605 fimiliter
1780 2569 1825 2618 ad

1110 2619 1128 2655 l
1154 2618 1167 2653 i
1195 2630 1216 2654 2
1606 2619 1775 2668 stadium2
