2248 3136
164 1013 261 1106 D
337 1015 380 1105 ἶ
452 1015 516 1108 S
595 1016 655 1109 S
728 1013 805 1108 E
880 1015 982 1107 R
1056 1010 1153 1105 T
1231 1011 1331 1106 A
1405 1008 1500 1100 T
1581 1007 1622 1097 I
1699 1005 1792 1098 O

349 1199 1604 1297 QUINQUAGESIMAPRIMA‚

488 1393 501 1405 ι’
553 1377 733 1412 Ortalium
750 1377 919 1415 Animos,
941 1376 998 1411 'A'
1030 1374 1207 1410 mortibus
1234 1374 1357 1408 inlatis
1384 1371 1585 1408 exhauriat:
1609 1370 1661 1406 ita
1685 1384 1792 1420 quan-

571 1439 644 1462 non
671 1426 788 1462 minus
813 1427 918 1474 quam

571 1479 732 1525 Corpora
754 1501 764 1517 ‚
815 1476 919 1512 innu-

572 1527 678 1564 meris
740 1528 919 1576 perturba-

572 1578 732 1615 tionibus
760 1591 799 1614 ac
828 1590 920 1613 mor-

571 1628 624 1664 bis
661 1628 838 1665 obnoxios
873 1627 919 1664 es-

395 1684 399 1685 ’
496 1683 526 1722 ΓΞ]
572 1679 626 1718 se,
652 1692 757 1716 nemo
784 1678 830 1714 est
856 1677 918 1726 qui

531 1739 536 1744 ⁴
574 1728 729 1773 nesciat,
765 1738 825 1764 aut
857 1727 919 1776 qui

161 1776 286 1819 facile,
315 1781 336 1815 fi
364 1781 401 1816 in
427 1792 540 1816 mores
565 1777 604 1815 &
629 1779 705 1815 agia
733 1778 917 1814 hominum

155 1838 295 1878 *attente
323 1830 504 1879 inquirat,
536 1829 720 1879 agnoscere
747 1831 919 1865 continuo

157 1886 229 1914 non
268 1880 369 1928 poffit
392 1909 401 1917 .
439 1881 502 1917 Sed
541 1881 643 1928 pauci
681 1880 918 1927 intelligunt,

157 1935 199 1965 ex
227 1931 467 1971 Animorum,
493 1931 599 1979 quam
627 1944 670 1966 ex
698 1933 918 1978 Corporum,

157 1980 378 2027 aegritudine
406 1983 504 2030 plura
542 1981 768 2017 incommoda
796 1993 835 2015 ac
862 1980 917 2015 de-

157 2030 326 2067 trimenta
356 2045 493 2067 manare
525 2029 639 2079 posse,
667 2030 705 2067 &
735 2030 918 2078 praecipue

157 2081 250 2125 quod
291 2083 496 2129 plerumque
525 2081 668 2117 Animis
704 2080 784 2129 ipfis
820 2084 918 2116 vitia-

156 2129 231 2169 tis,
267 2141 328 2166 aut
365 2132 461 2166 vitio
496 2131 619 2167 deditis
656 2131 841 2167 tribuenda
879 2130 920 2166 fit

155 2179 355 2227 Corporum
383 2180 536 2228 ipsorum
564 2181 756 2228 pernicies.
786 2184 837 2216 Ut
861 2194 919 2216 au-

153 2238 226 2265 tern
264 2230 441 2266 interdum
482 2231 676 2278 pestilentia
712 2244 756 2266 ex
791 2230 920 2266 Orien-

153 2279 312 2320 talibus,
350 2289 409 2316 aut
446 2281 488 2316 ab
526 2280 746 2316 Australibus
785 2283 919 2316 Turca-

158 2344 236 2367 rum
264 2331 461 2367 Provinciis
489 2331 526 2366 in
551 2333 728 2379 Europam
754 2330 919 2369 devestm

155 2395 199 2418 ex
227 2396 297 2417 uno
333 2382 371 2418 in
406 2383 554 2417 alterum
594 2381 772 2417 hominem
800 2392 920 2416 conta-

154 2434 259 2481 gione
286 2433 529 2481 progreditur,
556 2445 598 2468 eo
620 2431 768 2468 success'u
789 2430 826 2467 &
852 2431 921 2467 foe-

156 2483 358 2522 cunditate,
399 2492 438 2517 ut
474 2482 675 2518 universum
711 2483 818 2518 ferme
858 2483 947 2517 P0-,

1030 1425 1145 1471 deque
1189 1422 1288 1472 pestis
1329 1423 1470 1458 occulta
1516 1424 1551 1456 in
1596 1421 1793 1456 Phantafias

1031 1473 1207 1510 mentesve
1239 1474 1426 1509 hominum
1463 1471 1565 1508 illabi
1595 1471 1728 1520 potest,
1755 1471 1794 1508 ἃ

1029 1524 1281 1572 ampliffirnurn
1333 1535 1553 1571 corrumpere
1601 1524 1757 1571 Regnum
1779 1547 1791 1562 ‚

1031 1575 1157 1611 nedum
1189 1575 1365 1623 Populum
1393 1585 1532 1622 unum;
1570 1585 1681 1621 neque
1710 1571 1790 1608 defi-

1032 1639 1144 1669 nere,
1191 1625 1300 1661 donec
1346 1624 1592 1661 incredibilem
1635 1623 1789 1659 cladium

1030 1678 1063 1711 &
1097 1676 1271 1712 malorum
1299 1675 1444 1711 Iliadem
1473 1675 1510 1710 in
1541 1674 1788 1721 rempublicam

1032 1726 1213 1762 attulerit.
1243 1728 1297 1761 Ex
1326 1725 1418 1761 hisce
1447 1725 1670 1773 popularibus
1699 1724 1790 1763 Ani-

1033 1790 1170 1812 morum
1213 1776 1345 1812 morbis
1381 1776 1519 1811 nullum
1556 1774 1693 1811 fortasse
1734 1787 1791 1821 pa·-

1032 1840 1133 1866 rem‚
1173 1840 1285 1874 neque
1328 1823 1637 1874 perniciosiorem,
1677 1838 1789 1873 neque

1032 1878 1291 1913 diuturniorem
1333 1876 1437 1912 Italia
1479 1875 1644 1924 peperit,
1685 1885 1789 1923 atque

1033 1937 1175 1975 experta
1212 1927 1278 1967 est,
1316 1927 1421 1974 quam
1458 1925 1654 1962 teterrimas
1681 1926 1792 1961 Gibet-

1032 1981 1169 2012 [inm-mn
1196 1978 1229 2012 δε
1259 1981 1469 2021 Guelphorum
1495 1975 1686 2021 fze’ciones,
1712 1977 1789 2024 qui-

1034 2029 1095 2064 bus
1137 2041 1195 2075 per
1224 2026 1293 2063 tria
1330 2028 1450 2063 Secula
1478 2026 1592 2075 Regni
1628 2036 1700 2063 tarn
1730 2040 1792 2063 no-

1035 2078 1118 2114 bilis
1146 2077 1274 2113 viscera
1305 2077 1492 2113 dilacerata
1528 2077 1690 2113 fuerunt.
1729 2077 1792 2113 Vi-

1033 2129 1092 2164 det
1128 2128 1305 2164 interdum
1343 2141 1466 2176 magna
1501 2127 1683 2164 Britannia
1714 2127 1791 2164 scis-

1033 2178 1086 2214 sos
1122 2179 1256 2215 duobus
1298 2178 1513 2218 contrariis,
1554 2187 1614 2213 aut
1650 2178 1790 2214 diversis

1032 2229 1152 2265 studiis
1175 2229 1326 2274 Populos
1346 2228 1443 2265 suos.
1465 2227 1627 2264 Vidimus
1648 2229 1682 2263 &
1705 2243 1791 2269 nos,

1032 2293 1139 2326 quum
1167 2280 1258 2316 bella
1280 2279 1369 2315 olim
1394 2278 1567 2315 ferverent
1593 2282 1682 2315 inter
1705 2279 1789 2315 Gal-

1032 2331 1116 2365 licos
1146 2329 1183 2366 &
1214 2329 1389 2376 Hispanos
1430 2332 1564 2378 Reges,
1601 2338 1660 2366 aut
1695 2329 1788 2365 inter

1031 2380 1212 2416 Gaesarem
1249 2379 1288 2416 δε
1325 2381 1479 2419 Gallos,
1518 2379 1658 2415 diversis
1696 2378 1788 2413 votis

1032 2430 1259 2466 concitari&
1298 2430 1352 2465 uri
1381 2429 1525 2465 Italicae
1564 2430 1678 2478 gentis
1714 2429 1789 2463 ani-

1033 2494 1107 2516 mos
1125 2505 1135 2520 ,
1163 2493 1270 2528 quum
1300 2480 1338 2515 hi
1366 2480 1443 2516 unis
1461 2504 1471 2519 ‚
1508 2479 1566 2516 illi
1593 2477 1712 2515 alteris
1739 2477 1789 2513 fa—

150 2535 274 2583 pulum
317 2533 455 2570 inficiat
474 2560 484 2577 ,
525 2532 563 2571 ἃ
604 2532 723 2570 Urbes
764 2532 919 2582 integras
944 2529 951 2574 ἰ
997 2537 1004 2577 2
1033 2539 1177 2571 vetent,
1203 2532 1237 2566 ὃς
1266 2530 1303 2567 in
1333 2530 1586 2568 contumelias,
1614 2528 1728 2584 immo
1752 2529 1789 2573 ὃς

1698 2590 1738 2614 m
