2248 3136
470 235 550 280 175
764 226 1181 284 ANTJQUJT.
1220 223 1457 268 Μεοιι
1494 229 1678 270 AEVJ
1899 237 1980 286 176

398 278 552 328 jusmodi
583 283 772 327 Nur-nmis,
809 284 891 320 hinc
918 289 1017 319 Scuta
1046 285 1164 332 appel-
1203 285 1250 320 A.
1281 282 1397 328 potius
1424 283 1490 320 esse
1516 286 1620 332 quam
1647 286 1782 335 reliqua
1810 301 1848 324 ea
1875 291 2040 336 Symbola

396 330 464 367 lari
494 334 612 382 coepti
640 334 718 370 sunt
747 335 914 375 Nummi,
938 334 1000 370 sub
1027 347 1065 370 ea
1093 333 1162 370 for-

397 393 454 417 ma
492 383 667 432 percussi:
706 394 812 433 atque
848 385 932 421 haec
968 385 1161 433 appellatio

395 432 510 470 adhuc
537 435 575 471 in
604 435 761 483 pluribus
789 437 912 472 Italiae
937 436 1160 473 Civitatibus

393 483 552 523 constans
580 486 766 534 perdurat.
808 487 946 523 Deinde
980 499 1053 522 non
1085 495 1159 522 tan-

395 535 470 570 tlivn
497 536 536 572 in
562 537 710 583 clypeis
746 537 914 586 inscripta
944 536 1040 572 fuere
1076 549 1158 584 gen-

390 585 505 622 tilitia
531 587 612 623 haec
638 587 765 636 Signa,
792 588 847 623 sed
872 587 977 623 etiam
1005 588 1038 620 in
1065 588 1156 621 chla-

391 636 522 681 myde,
558 637 617 674 seu
655 638 734 687 sago
771 637 951 676 militum,
987 641 1072 670 nella
1101 641 1157 671 So-

384 689 556 734 pravvcste
569 715 580 732 ,
602 697 707 736 atque
731 688 769 723 in
789 687 946 734 stragulis
965 699 1156 734 equorum,

390 736 446 772 uti
474 739 703 785 spelmannus
733 742 765 771 δι
797 738 945 773 Bissaeus
972 737 1093 773 multis
1121 751 1177 781 es

388 787 542 833 xemplis
581 788 825 824 ostenderunt.
861 789 1070 831 Cognitiones
1102 790 1155 832 pi—

387 839 535 872 Huratae
572 839 793 886 appellantur
825 851 842 873 a
873 838 1060 874 Matthaeo
1090 840 1139 874 Pa

386 890 431 922 ris
455 888 492 923 in
512 888 664 924 Historia
685 888 725 924 ad
750 891 894 924 Annum
914 888 982 924 Ch.
1000 890 1154 925 MCCL.

385 940 463 986 Ego
487 940 583 986 plura
605 952 675 974 non
698 938 901 988 persequor.
929 938 1053 976 Unum
1076 948 1151 975 tan-

386 989 574 1025 tummodo
597 997 850 1025 memoraturus
865 1016 876 1033 ‚
897 989 1068 1037 ejusmodi
1091 992 1152 1025 Fa-

388 1039 567 1075 miliarum
600 1039 747 1087 Infignia
775 1039 863 1075 olim
893 1039 930 1076 in
960 1043 1047 1075 veris
1075 1049 1152 1075 tan-

387 1092 462 1124 tum
491 1090 638 1138 Clypeis
672 1089 713 1126 &
749 1089 838 1139 sagis
874 1089 1052 1138 spefilata,
1078 1089 1151 1134 spe-

386 1140 476 1176 &ari
508 1153 600 1177 nunc
637 1140 776 1181 ubivis,
811 1140 910 1189 saepe
945 1140 1052 1176 etiam
1082 1139 1150 1177 sine

387 1193 519 1236 Scuto,
548 1190 642 1238 piSta
658 1217 669 1235 ‚
695 1191 888 1240 insculpta,
914 1190 1055 1235 insuta,
1082 1190 1151 1226 im·
1174 1200 1179 1215 Λ

385 1242 513 1289 pressa.
543 1244 722 1278 Praeterea
741 1241 832 1277 olim
855 1241 897 1277 ad
921 1241 974 1289 jus
997 1250 1150 1277 tantum-

386 1292 491 1327 modo
534 1292 697 1328 Militum
717 1317 727 1336 ,
767 1305 808 1327 ac
850 1291 993 1338 proinde
1036 1291 1150 1329 Nobi-

384 1341 500 1385 lium,
538 1341 761 1391 speElaruntg
798 1340 920 1377 nostris
948 1344 1030 1377 vero
1061 1350 1149 1377 tem-

384 1391 530 1440 poribus
566 1392 605 1428 in
641 1391 747 1428 Italia
775 1393 830 1427 vel
863 1404 882 1427 a
912 1391 1148 1436 cerdonibus,

383 1442 616 1482 lanionibus,
653 1448 683 1477 &
715 1442 854 1490 reliquo
888 1441 1043 1490 ignobili
1072 1443 1148 1478 vul-

382 1506 454 1542 go,
482 1493 540 1529 cui
567 1492 828 1540 aliquantulum
856 1500 993 1540 turgeat
1017 1491 1146 1527 marsu-

383 1543 511 1591 pium,
555 1542 689 1578 summa
730 1541 874 1578 licentia
916 1540 1146 1590 usurpantur.

381 1593 512 1629 Videas
547 1593 658 1629 etiam
695 1592 873 1628 contemni
901 1591 1021 1640 paffim
1054 1592 1144 1640 apud

378 1644 489 1681 Italos
527 1645 619 1693 leges
647 1643 857 1679 Heraldicae
893 1643 1018 1687 Artis,
1054 1655 1145 1690 quae

379 1694 444 1730 hac
480 1694 523 1731 de
550 1708 586 1730 re
613 1697 648 1729 in
675 1694 754 1729 aliis
790 1692 994 1741 regionibus
1028 1691 1144 1728 obser-

380 1753 528 1780 vantur.
551 1747 599 1780 Et
620 1742 770 1792 quidni?
793 1755 899 1791 quum
923 1742 1007 1778 haec
1027 1742 1142 1786 levia,

377 1795 582 1841 nulliusque
609 1797 780 1830 momenti
807 1793 978 1842 plerisque
1003 1792 1142 1828 videan-

376 1855 460 1882 tur.
497 1846 534 1882 Si
569 1845 620 1881 ita
655 1845 724 1885 est,
751 1857 816 1893 ego
848 1843 1006 1888 leviora,
1033 1844 1141 1891 quam

374 1897 463 1936 alii,
492 1896 576 1932 haec
602 1895 676 1944 ipsa
704 1895 856 1944 putabo.
882 1896 974 1929 Sunt
1000 1903 1141 1938 autem,

375 1946 438 1993 qui
466 1960 582 1983 recens
610 1945 797 1982 inventurn
830 1944 1046 1980 arbitrantur
1076 1943 1141 1979 tes-

376 1997 463 2032 seras
490 1997 570 2033 illas
597 1995 820 2046 gentilitias,
848 1994 973 2043 quibus
999 1996 1142 2042 Cogno-

375 2046 472 2082 mina
498 2048 729 2084 Familiarum
752 2045 1020 2092 exprimuntur.
1046 2048 1142 2081 Armi

370 2100 523 2142 pai-lauti
551 2111 613 2134 nos
639 2111 679 2133 ea
708 2098 947 2145 appellamus,
986 2097 1034 2131 Et
1061 2108 1139 2143 pro-

373 2146 467 2183 fe6’co
493 2161 537 2183 ex
565 2148 610 2184 iis
637 2149 830 2195 complures
856 2146 954 2183 nulla
983 2145 1139 2193 antiqui-

372 2206 445 2233 tate
470 2198 650 2246 constant3
677 2198 868 2233 nonnullae
892 2196 1002 2233 etiam
1029 2195 1137 2232 risum

373 2249 428 2283 vel
457 2261 475 2283 a
503 2248 733 2284 severioribus
757 2256 994 2295 extorquent.
1033 2248 1138 2282 Atta-

373 2311 450 2334 men
476 2308 615 2338 errant‚
642 2297 704 2345 qui
731 2297 852 2332 omnia
880 2294 1052 2344 ejusmodi
1082 2298 1134 2332 ln>

371 2347 479 2397 signia
503 2348 787 2397 Cognominibus
813 2345 1007 2382 conformia
1030 2347 1136 2383 unico

369 2399 510 2435 decreto
546 2400 653 2435 veluti
692 2398 860 2434 vetustate
901 2396 1056 2433 carentia
1092 2397 1136 2432 de

369 2449 488 2485 medio
526 2451 681 2485 tollunt.
721 2450 814 2485 Nam
854 2446 914 2483 etfi
955 2446 1135 2484 nonsatis

368 2500 458 2536 mihi
487 2499 715 2548 persuaserint
745 2498 910 2534 nonnulli
944 2497 1043 2533 Artis
1074 2498 1133 2533 hu-

367 2550 418 2596 jus
459 2551 683 2600 Scriptores,
724 2549 895 2586 videlicet
948 2547 1133 2584 vetustiora

1278 333 1480 380 gentilitia,
1518 337 1644 383 quibus
1681 341 1889 387 Cognomen
1918 341 2036 388 prodi-

1277 391 1354 420 tur:
1393 385 1504 422 adhuc
1542 396 1655 423 tamen
1685 402 1746 436 pro
1782 400 1878 426 certo
1905 391 2033 427 haben-

1276 432 1355 469 dum
1381 434 1449 481 est,
1482 437 1739 485 ‚antiquissimas
1772 439 1880 476 etiam
1921 442 2035 478 Nobi·

1274 482 1363 521 lium
1400 487 1588 528 Familias,
1621 490 1683 526 ubi
1710 490 1753 526 ad
1789 501 2031 528 ornamentum

1273 532 1372 571 suum
1408 545 1532 585 typum
1569 539 1723 587 aliquem
1757 542 2032 590 excogitarunt,

1271 586 1449 633 arripuisse
1471 589 1668 634 interdum,
1690 604 1775 637 quos
1797 593 1906 639 ipsum
1931 593 2029 629 suum

1271 632 1483 683 Cognomen
1517 637 1633 673 statim
1674 642 1859 681 offerebat,
1897 642 1963 679 five
2001 643 2030 680 ii

1271 695 1541 732 cognomentum
1561 686 1648 724 istud
1673 691 1715 725 ab
1739 692 1858 739 aliquo
1877 693 1956 729 suae
1974 693 2028 730 di-

1270 733 1402 779 tionis,
1429 735 1497 773 five
1524 737 1566 773 ab
1593 738 1674 775 aliis
1698 741 1842 787 caussis,
1879 757 1962 791 quas
1990 743 2028 779 in

1269 796 1378 833 nuper
1406 797 1595 825 memorata
1622 790 1872 827 Dissertatione
1910 795 2026 829 xm.

1269 837 1306 869 de
1330 839 1577 881 Cognominibus
1603 842 1828 881 enumeravi,
1857 841 1881 878 ii
1903 842 2029 878 assum-

1267 884 1398 924 fiffent.
1424 893 1611 924 Columnam
1634 891 1674 926 in
1699 891 1769 927 suis
1796 892 1929 941 clypeis
1957 893 2028 929 im-

1266 936 1383 983 preffit
1418 952 1501 987 gens
1539 940 1749 977 nobiliffima
1772 945 2027 990 Columnenfium

1267 988 1502 1025 Romanorum
1516 1015 1525 1030 ‚
1543 990 1671 1037 quibus
1688 992 1845 1029 Castrum
1866 992 1934 1029 sive
1953 996 2026 1042 Op-

1265 1036 1383 1083 pidum
1409 1040 1605 1076 Columnae
1632 1042 1836 1089 Gognomen
1863 1043 2024 1079 dederat.

1264 1088 1318 1122 Ita
1354 1089 1618 1136 praeclariffima
1655 1092 1805 1129 Familia
1839 1095 2025 1129 Turi-iano-

1261 1150 1356 1181 rum,
1392 1137 1461 1175 sive
1490 1142 1576 1175 della
1604 1144 1736 1181 Turre,
1767 1155 1854 1190 quae
1880 1143 2024 1180 Medio-

1229 1180 1233 1189 ὕ
1261 1187 1335 1223 lani
1361 1188 1450 1225 olim
1475 1190 1660 1227 dominata
1689 1191 1754 1232 est,
1784 1197 1814 1227 δε
1844 1192 1954 1229 adhuc
1983 1194 2023 1230 in

1261 1240 1353 1274 Foro
1379 1239 1465 1282 Julii
1502 1241 1669 1289 effulget,
1703 1251 1810 1288 atque
1841 1256 1860 1278 a
1888 1244 2022 1280 Seculis

1259 1289 1496 1337 compluribus
1524 1291 1694 1327 eximium
1731 1292 1934 1329 nobilitatis
1969 1296 2024 1329 lo-

1258 1350 1338 1373 cum
1362 1338 1452 1387 apud
1477 1340 1602 1376 Gallos
1624 1341 1775 1382 retinet,
1795 1344 1936 1378 Turrim
1960 1356 2024 1391 pro

1258 1387 1391 1437 Insigni
1424 1390 1583 1438 elegere.
1616 1392 1674 1428 Ita
1709 1405 1752 1428 ex
1787 1405 1865 1429 arce
1889 1393 2023 1430 Canos-

1256 1437 1312 1474 sae
1337 1440 1376 1474 in
1407 1439 1566 1488 Regienli
1601 1454 1684 1489 agro
1719 1441 1850 1478 nobilis
1876 1446 2020 1489 Canoffia

1256 1500 1339 1536 gens
1365 1502 1534 1538 agnomen
1559 1489 1656 1526 suurn
1676 1491 1842 1533 deduxit,
1860 1506 1968 1541 quum
1992 1497 2020 1530 i-

1257 1539 1291 1574 bi
1318 1539 1389 1586 post
1414 1540 1566 1586 inclytae
1592 1541 1798 1578 Comitiss‘ae
1823 1543 2017 1581 Mathildis

1254 1589 1395 1625 obitum
1430 1590 1606 1627 dominari
1638 1592 1819 1641 coeperit,
1856 1602 1895 1630 ut
1927 1594 2017 1632 alibi

1252 1639 1412 1676 ostendi.
1457 1642 1642 1688 Propterea
1683 1648 1804 1677 Canem
1846 1658 1881 1679 os
1923 1644 2017 1691 (sive

1254 1691 1367 1734 qffiun,
1393 1699 1455 1725 aut
1480 1692 1617 1735 officum,
1640 1693 1736 1739 quod
1769 1702 1901 1730 veteres
1928 1708 2015 1731 non-

1255 1738 1345 1774 nulli
1374 1739 1518 1788 dixere)
1546 1755 1600 1776 ore
1629 1742 1795 1787 fhrentem
1824 1746 1931 1780 Scuto
1956 1744 2016 1781 suo

1254 1788 1432 1826 indidere.
1470 1792 1632 1827 Potentia
1659 1806 1798 1840 quoque
1824 1795 1939 1837 olim,
1976 1808 2016 1832 ac

1255 1838 1444 1876 illustribus
1495 1841 1593 1877 Viris
1636 1842 1674 1877 in
1718 1842 1847 1879 Tuscia
1889 1843 2014 1881 floruit

1255 1890 1403 1926 Familia
1439 1891 1668 1933 Pannochiesc'a
1705 1892 1794 1928 unde
1830 1895 2014 1943 propagati

1254 1939 1332 1976 sunt
1350 1941 1510 1977 Comites
1534 1941 1673 1984 d’Elci,
1694 1953 1900 1980 ornamenta
1920 1945 2014 1981 anti-

1253 2004 1341 2038 quae
1367 1991 1564 2028 nobilitatis
1604 1993 1723 2029 nostris
1760 2007 1900 2042 quoque
1926 2004 2013 2030 tem-

1223 2067 1225 2070 >
1254 2042 1394 2087 poribus
1429 2041 1621 2080 servantes.
1660 2044 1726 2080 Uti
1754 2056 1811 2079 me
1845 2058 1906 2092 per
1931 2044 2013 2081 lite-

1252 2105 1303 2127 ras
1339 2092 1426 2128 olim
1469 2097 1607 2130 monuit
1646 2095 1705 2130 Cl.
1747 2097 1792 2130 V.
1830 2095 2012 2132 Hubertus

1222 2147 1223 2150 ’
1252 2143 1522 2192 Benvoglientus
1560 2144 1731 2180 Patricius
1767 2144 1940 2187 Senensis,
1972 2146 2011 2181 in

1249 2192 1383 2229 Charta
1411 2194 1564 2229 nondum
1591 2194 1681 2231 edita
1708 2196 1914 2231 concordiae
1940 2195 2010 2231 ini-

1249 2252 1304 2279 tae
1356 2243 1452 2280 inter
1505 2244 1740 2280 Aldimarium
1795 2244 2009 2293 Episcopum

1250 2294 1542 2334 Volaterranum,
1565 2295 1599 2329 ἃ
1629 2294 1840 2340 Raynerium
1868 2295 2010 2343 Episco-

1249 2357 1327 2389 pum
1363 2343 1570 2388 senensem,
1604 2343 1731 2392 scripta
1768 2348 1877 2380 Anno
1913 2347 2006 2383 ΜΕ-

1248 2395 1433 2429 XXXVII.
1471 2406 1577 2440 quarn
1608 2393 1717 2430 etiam
1754 2405 2009 2434 commemorat

1248 2443 1435 2490 Ughellius
1462 2446 1570 2480 Tom.
1598 2447 1713 2492 primo
1741 2446 1820 2481 Ital.
1849 2448 1939 2482 Sacr.
1966 2447 2005 2483 in

1247 2494 1407 2541 Episcop.
1445 2495 1666 2531 Volaterran.
1704 2495 1787 2532 haec
1816 2496 2003 2545 leguntur:

1245 2549 1391 2591 Itemque
1427 2548 1466 2580 do
1501 2545 1547 2584 ἔφ’
1581 2548 1681 2582 trado
1719 2549 1929 2583 medietatem
1964 2554 2004 2586 de

1840 2612 1957 2646 augen-
