2248 3136
264 249 354 296 639

533 240 633 280 EX
673 240 1037 292 JORDANI
1083 235 1517 276 CHRONICO.

1696 243 1779 282 660

199 309 252 338 ter
290 297 419 334 eie-stus
457 295 524 340 est,
552 300 584 330 &
620 296 795 332 celebrato
832 298 964 332 Romae
991 295 1042 332 'A
1075 302 1152 330 tuo,
1179 294 1234 337 qui
1257 302 1318 336 per
1336 293 1462 338 fistulas
1488 293 1534 326 ad
1557 303 1651 327 aures
1676 305 1762 328 meas
1784 299 1840 330 de·

203 348 373 386 Goncilio
399 355 557 383 mortuus
583 345 647 382 est.
674 347 715 381 In
742 346 809 382 hoc
834 348 964 383 Conci·

201 400 255 436 lio
292 397 519 447 Berengarius
553 409 704 432 errorem
740 396 836 433 suum
864 411 970 435 revo-.

201 459 280 494 cat,
321 450 414 497 quod
453 457 612 495 tempore
652 449 784 484 Leonis
827 450 888 483 IX.
922 448 962 483 in

201 499 421 537 Provinciali
448 498 589 544 synodo
616 497 766 533 fecerat.
793 498 866 533 Hic
895 498 961 534 Ni-

200 552 317 587 :olaus
345 549 490 585 formam
527 548 712 585 elestionis
748 549 862 594 Papae
889 548 962 584 edi-

200 602 278 644 dit,
301 613 388 648 quae
416 600 560 635 habetur
581 599 745 635 Distinffi.
766 598 786 617 *
809 601 839 634 X
864 601 960 634 XIII.

200 656 239 688 In
269 653 410 686 Nomine
438 652 593 685 Domini.
622 649 824 685 Alexander
849 653 961 685 natio-

201 715 246 738 ne
265 699 531 737 Mediolanensis
553 699 638 736 sedit
658 713 765 736 annos
786 702 847 736 XI.
869 714 957 735 men-

201 752 251 788 ses
280 754 325 788 11.
353 751 427 787 dies
462 753 577 785 XXV.
605 751 677 786 Hic
704 760 848 787 vocatus
887 755 958 786 An„

202 802 327 839 selmus
354 804 518 839 Lucanus
544 801 757 850 Episcopus,
785 815 804 837 a
840 803 962 838 Cardi-

202 854 340 890 nalibus
367 851 588 888 concorditer
614 852 660 888 est
686 852 835 888 elestus.
863 852 961 889 Con-

200 911 256 940 tra
282 904 373 939 hunc
400 902 560 938 Cadulus
597 903 785 939 Parmensis
823 902 961 949 Episco-

203 967 263 1004 pus
290 953 360 989 fere
387 954 429 989 ab
457 954 614 989 omnibus
642 955 763 989 Italiae
788 952 960 1001 Episcopis

203 1004 249 1041 est
284 1003 437 1046 elesius,
464 1005 498 1040 ὃ(
527 1017 606 1040 cum
640 1017 767 1052 magno
802 1003 962 1039 exercitu

204 1057 354 1091 Romam
392 1054 512 1099 venit,
547 1063 588 1091 ut
622 1057 793 1102 Papatum
820 1054 961 1090 invade-

204 1114 279 1150 ret,
314 1105 371 1142 sed
407 1118 478 1141 non
513 1107 726 1154 praevaluit.
761 1105 963 1141 Alexander

205 1165 320 1193 autem
359 1156 584 1204 Imperatoris
618 1163 744 1203 rogatu
777 1155 817 1191 in
852 1157 959 1192 Lom-

202 1207 352 1242 bardiam
380 1206 577 1243 descendit,
605 1204 641 1241 &
670 1207 841 1240 Mantuae
867 1207 962 1240 Con-

203 1256 325 1292 cilium
364 1254 615 1304 congregavit,
651 1254 690 1290 in
727 1268 799 1302 quo
834 1256 876 1290 de
910 1229 993 1315 St}

201 1306 320 1342 monia
348 1305 381 1341 se
410 1306 608 1353 juramento
635 1305 819 1353 purgavit.
845 1306 959 1341 Gadu-

201 1357 255 1392 lus
296 1370 378 1391 vero
418 1365 459 1390 ut
506 1358 719 1390 simoniacus
765 1355 962 1402 repudiatus

202 1406 268 1442 est.
295 1406 486 1453 Gregorius
518 1408 663 1441 natione
689 1405 844 1442 Senensis
874 1405 961 1442 sedit

205 1470 312 1493 annos
334 1459 414 1492 XII.
438 1454 585 1491 mensem
612 1459 638 1491 1.
666 1456 735 1492 dies
757 1458 820 1492 IV.
848 1456 959 1492 Cessa-

205 1509 254 1542 vit
283 1506 509 1554 Episcopatus
536 1507 695 1543 biennio.
726 1509 793 1543 Hic
821 1516 961 1543 vocatus

203 1557 248 1592 est
277 1557 533 1593 Hildebrandus
566 1557 665 1593 Prior
691 1556 931 1594 Cluniacenfis
953 1585 960 1599 ,

202 1606 412 1655 postmodum
441 1607 660 1643 cardinalis.
689 1610 736 1644 Et
763 1608 846 1644 hinc
873 1617 958 1644 tam-

202 1671 307 1705 quam
335 1656 578 1693 Cancellarius
614 1657 780 1694 circuivit
819 1661 959 1695 Provin-
1006 1653 1034 1686 D

202 1707 299 1747 cias,
342 1717 381 1742 ut
420 1720 595 1754 perperam
633 1706 709 1743 πᾶα
750 1709 959 1756 corrigeret.

203 1759 249 1792 Et
277 1769 383 1804 quum
413 1756 514 1791 semel
541 1759 713 1803 equitaret
740 1770 818 1794 cum
847 1759 958 1794 multa

203 1806 467 1855 obsequentium
495 1807 616 1846 turba,
645 1809 763 1843 Abbas
791 1811 898 1857 Hugo
919 1809 957 1845 in

202 1868 361 1894 extremo
388 1855 527 1905 agmine
554 1856 708 1904 cogitare
735 1859 876 1906 coepit,
897 1873 951 1894 unt

203 1910 244 1944 de
276 1909 357 1944 huie
388 1907 627 1949 homunculo,
655 1909 716 1954 qui
745 1917 818 1943 erat
853 1909 957 1945 exilis

203 1959 367 1998 staturae,
391 1957 618 2006 despiciabilis
646 1960 863 2005 parentelae,
884 1968 959 1994 tan·

203 2017 258 2045 tus
286 2008 419 2045 honor?
450 2013 563 2043 Procul
597 2008 692 2044 dubio
726 2022 771 2044 ex
799 2008 957 2057 fiaeperbia

199 2062 365 2105 procedit,
392 2063 475 2104 quod
505 2070 554 2095 tot
590 2058 804 2094 ambulatores
840 2059 957 2096 habet.

205 2111 275 2146 Vix
303 2110 387 2146 haec
415 2120 532 2146 mente
559 2110 730 2154 versarat,
758 2113 792 2146 &
830 2110 956 2146 Archi-
983 2123 985 2133 ¹
1015 2116 1020 2123 '

201 2161 366 2197 diaconus
407 2162 583 2196 Romanus
624 2159 754 2196 reflexo
795 2174 885 2209 equo
924 2166 956 2196 δι

202 2214 388 2248 calcaribus
413 2214 581 2255 incitato,
608 2225 627 2246 a
653 2212 757 2260 longe
784 2214 956 2257 clamans,

202 2263 243 2298 ad
270 2264 443 2298 Abbatem
471 2262 540 2298 ait:
571 2266 665 2297 Male
691 2264 855 2310 cogitqsti.
883 2266 956 2298 No-

200 2318 228 2348 lo
253 2316 334 2348 mihi
361 2318 440 2348 ham·
459 2315 603 2358 gloriam
630 2315 807 2357 imputari,
826 2312 889 2361 fid
913 2318 956 2347 A-

197 2365 339 2410 pcfiolis‚
375 2378 505 2408 quorum
537 2366 714 2409 privilegio
750 2366 830 2399 mihi
861 2366 957 2399 exhi-

199 2415 314 2451 betur.
352 2415 472 2451 Abbas
511 2415 569 2451 hic
606 2415 716 2451 solum
752 2415 952 2464 respondit:

200 2464 326 2512 ,Qgtaefii
362 2468 516 2509 Domine,
554 2470 697 2511 quomodo
732 2468 807 2513 nosti
834 2469 956 2510 cogita-

199 2527 267 2550 tum
294 2520 423 2552 meum?
448 2519 496 2553 Et
522 2516 606 2553 ille:
641 2516 687 2552 Ab
713 2531 787 2557 ore,
815 2516 956 2564 inquit,

1076 345 1182 377 duffus
1206 344 1264 390 est.
1291 342 1388 378 Hinc
1408 355 1550 391 quoque
1571 343 1757 379 Ecclesiam
1784 345 1838 381 in-

1072 393 1202 442 goeffi,
1240 393 1399 441 prostrati
1434 393 1632 442 conjunclis
1668 395 1837 432 lateribus

1077 444 1249 491 prolixius
1274 452 1399 479 orant.
1437 444 1611 480 Tamdem
1650 445 1839 483 Archidia-

1075 507 1181 529 conus
1207 503 1328 530 contra
1355 495 1530 531 Abbatern
1563 503 1667 531 torvo
1699 496 1837 544 aspectu

1074 544 1282 580 infremuit.
1311 545 1431 581 Abbas
1460 554 1575 581 autern
1603 545 1694 583 foras
1727 548 1839 595 egres-

1073 594 1151 635 sus,
1188 594 1327 631 causam
1371 596 1623 632 commotionis
1664 597 1838 645 inquirit.

1046 663 1051 702 Ι
1075 646 1140 681 Ille
1167 645 1366 694 respondit:
1395 649 1432 682 Si
1459 661 1508 681 me
1535 661 1646 683 amare
1675 651 1748 688 vis,
1777 663 1838 684 non

1046 704 1051 745 Ι
1073 708 1121 731 me
1148 698 1287 731 ulterius
1313 701 1370 732 hac
1396 700 1521 745 injuria
1541 712 1682 743 graves.
1710 702 1836 744 Specio-

1007 749 1033 782 B
1064 745 1121 793 sits
1147 750 1232 782 enim
1253 758 1334 792 prae
1352 750 1442 793 filiis
1468 752 1648 790 hominum,
1675 753 1755 785 meis
1775 754 1835 786 ad-

1063 798 1154 842 stans
1177 798 1461 845 postulationibus,
1481 800 1610 846 strenis
1631 801 1777 847 favebat
1801 815 1838 836 0-

1073 851 1172 884 culis.
1197 852 1264 882 Sed
1285 852 1444 884 orationis
1464 861 1540 886 tuae
1567 854 1692 886 allec‘i‘aes
1717 854 1837 887 violen-

1074 900 1149 942 ῑίἂ,
1175 898 1338 947 converfits
1374 904 1419 934 ad
1450 912 1483 935 te
1509 902 1653 949 deseruit
1688 916 1757 938 me.
1786 905 1834 938 Et

1074 949 1233 992 addidit,
1254 949 1346 996 quod
1372 949 1472 998 super
1492 953 1619 988 Altare
1644 952 1735 988 vidit
1757 954 1835 988 An-

1074 999 1190 1046 gelum
1218 998 1362 1034 stantem
1399 1001 1585 1048 evaginato
1616 1003 1758 1051 gladi03
1787 1002 1836 1041 ὑ*

1069 1051 1138 1094 jam
1165 1051 1372 1084 Provinciam
1399 1051 1487 1096 istam
1506 1050 1619 1098 spiffits
1649 1052 1685 1085 εἴθ’
1712 1052 1837 1087 nebulo-

1064 1097 1121 1144 stis
1169 1104 1227 1134 αέν
1269 1101 1500 1136 circumvolat.
1541 1103 1721 1147 Fugiamus
1761 1117 1838 1148 ergo

1074 1162 1167 1193 quam
1193 1151 1311 1186 citius.
1331 1150 1511 1199 Appositis
1536 1151 1647 1200 igitur
1670 1153 1837 1198 cibariis,

1075 1253 1135 1286 bus
1171 1252 1212 1286 de
1248 1250 1386 1287 familia
1414 1252 1603 1289 extinE'tis.
1631 1256 1711 1299 Qua
1749 1254 1837 1303 peste

1075 1314 1133 1348 per
1174 1302 1306 1337 vicinas
1347 1302 1471 1338 domos
1514 1305 1761 1349 concursante,
1800 1319 1836 1341 a-

1073 1351 1190 1387 scensis
1216 1353 1324 1387 mulis
1351 1352 1563 1402 diffugiunt.
1590 1355 1663 1391 Hic
1693 1368 1834 1403 quoque

1073 1401 1161 1438 sedit
1186 1402 1226 1438 in
1253 1402 1426 1439 Concilio
1452 1405 1641 1441 Gallicano
1667 1409 1742 1441 vice
1774 1408 1836 1442 Pa-

1073 1466 1153 1500 pae.
1184 1455 1302 1489 Plures
1329 1464 1429 1489 erant
1465 1455 1514 1490 ibi
1550 1469 1609 1504 per
1636 1456 1835 1493 simoniam

1072 1502 1155 1538 faffii
1183 1503 1369 1552 Episcopi.
1397 1507 1559 1551 Quorum
1597 1520 1684 1543 unus
1721 1509 1835 1543 multa

1071 1554 1238 1601 loquendi
1274 1565 1347 1590 arte
1385 1558 1563 1602 pollebat,
1591 1558 1643 1593 ita
1679 1567 1719 1593 ut
1750 1571 1837 1593 con-

1072 1604 1167 1640 vinci
1193 1618 1265 1640 non
1303 1605 1434 1653 poffet.
1468 1609 1571 1643 Tunc
1601 1607 1835 1644 Archidiaco-

1069 1667 1133 1691 nus
1146 1681 1156 1699 ,
1177 1657 1288 1700 ceffi’t,
1301 1657 1443 1701 inquit,
1460 1662 1629 1692 humanum
1648 1661 1831 1703 eloquium:

1071 1707 1273 1741 Dominicum
1309 1718 1430 1742 certum
1462 1709 1504 1755 est
1514 1733 1524 1749 ‚
1551 1713 1634 1754 quod
1665 1709 1833 1755 Episiopa-

1070 1758 1113 1790 lis
1135 1758 1255 1800 gratia
1282 1771 1393 1792 munus
1425 1760 1464 1805 est
1490 1761 1575 1795 Dei.
1613 1762 1660 1795 Et
1686 1760 1832 1807 quisquis

1072 1805 1292 1853 Episcopatum
1327 1819 1510 1853 mercatur,
1540 1813 1651 1844 donum
1687 1813 1833 1855 Spiritus

1071 1858 1176 1891 Samsli
1203 1869 1388 1902 comparare
1414 1857 1452 1905 se
1474 1870 1590 1904 putat.
1626 1866 1744 1895 Coram
1778 1875 1833 1896 no-

1068 1906 1120 1941 bis
1147 1921 1221 1952 ergo
1256 1910 1346 1943 dicat
1380 1910 1456 1956 tyle,
1484 1913 1602 1945 Gloria
1633 1914 1731 1946 Patri
1766 1911 1829 1948 &a

1072 1958 1137 1993 Ille
1164 1960 1246 1994 verb
1273 1959 1373 1995 nullo
1398 1970 1524 1995 conatu
1550 1973 1611 1996 nec
1636 1970 1742 2005 tunc,
1767 1975 1830 1998 nec

1070 2021 1113 2044 ex
1153 2017 1235 2044 tunc
1271 2009 1440 2056 Spiritum
1478 2011 1641 2046 Sanfflum
1680 2011 1831 2059 proferre

1072 2058 1209 2105 potuit.
1230 2061 1336 2095 Hunc
1357 2057 1512 2096 sanetum
1534 2063 1714 2097 Summum
1741 2065 1830 2098 Pon—

1071 2107 1223 2150 tificem,
1249 2108 1287 2144 in
1325 2110 1427 2145 nocie
1456 2111 1669 2147 Nativitatis
1709 2114 1832 2149 Domi-

1070 2158 1108 2194 ni
1144 2159 1376 2196 celebrantem
1421 2161 1510 2210 apud
1547 2163 1707 2198 Sanctam
1749 2164 1831 2200 Ma-

1070 2209 1158 2244 riam
1187 2210 1358 2257 Maiorem
1393 2211 1437 2247 ad
1466 2212 1650 2261 Praesepe,
1677 2213 1828 2251 Cincius

1072 2259 1179 2296 Prisci
1216 2260 1310 2297 filius
1349 2262 1465 2310 cepit,
1494 2267 1524 2297 &
1560 2263 1597 2299 in
1626 2265 1732 2300 Turri
1771 2265 1826 2301 sua

1070 2310 1201 2359 posuit.
1225 2311 1287 2347 Sed
1317 2314 1468 2350 Romani
1495 2313 1563 2362 ipsa
1591 2315 1694 2351 nolste
1722 2318 1826 2351 Turri

1068 2361 1236 2398 destruE‘ta
1275 2364 1401 2411 Papam
1438 2364 1610 2406 liberant.
1639 2367 1669 2400 8<
1710 2366 1825 2401 ciria-

1070 2425 1147 2448 cum
1177 2414 1271 2449 Urbe
1299 2415 1455 2461 pellunt.
1482 2416 1554 2452 Hic
1592 2415 1738 2450 secundo
1766 2429 1825 2451 an-

1069 2476 1115 2497 no
1157 2464 1330 2500 celebrato
1374 2468 1504 2502 Romae
1544 2465 1711 2501 Concilio
1752 2468 1826 2503 XC.

1069 2513 1343 2563 Episcoporum,
1372 2515 1588 2552 Simoniacos
1624 2529 1828 2553 excommu-

1651 2576 1747 2603 nicat
1764 2595 1774 2611 ,

1043 1214 1051 1322 Ι
1074 1200 1186 1236 subito
1212 1200 1251 1236 in
1278 1200 1386 1237 domo
1413 1201 1528 1238 lufi’tus
1564 1203 1700 1247 oritur,
1728 1204 1838 1252 pluri-

278 2616 294 2631 ‘
326 2616 457 2653 Leaend.
482 2616 625 2649 Distinff.
652 2617 784 2650 XXIII.
807 2617 889 2654 cujus
911 2628 936 2649 c.
963 2627 987 2647 1.
1012 2614 1142 2654 incipit:
1173 2618 1205 2644 In
1226 2614 1338 2645 nomine
1361 2615 1479 2647 Domini
1500 2613 1586 2651 nolim·
1608 2615 1645 2646 (J
1670 2616 1825 2651 salvatoris

196 2655 269 2695 jesu
289 2650 417 2697 Christi,
439 2659 519 2697 quod
541 2659 668 2691 initium
689 2659 731 2691 est
753 2658 881 2691 Deci-eti
907 2656 1035 2690 Nicolai
1060 2656 1160 2696 Papae
1183 2655 1219 2687 de
1241 2653 1394 2689 elefflone
1417 2656 1527 2691 summi
1551 2657 1730 2693 Pontificis·
