2248 3136
429 287 511 329 247

734 263 1148 327 ANT1QU1T.
1193 265 1425 305 Μεοιι
1471 267 1652 307 ΑΕΗ

1865 268 1944 321 243

350 332 570 370 maniaverat,
610 329 719 376 eique
746 328 840 364 inter
867 338 982 362 cetera
1011 323 1125 360 Lilio—
1164 324 1200 358 A
1243 330 1294 356 tra
1334 335 1393 357 eos
1431 324 1589 370 potentia}
1627 323 1712 359 ufis.
1749 326 1837 360 Sunt
1873 326 1906 360 δι
1945 325 2008 372 qui

350 393 428 417 rum
467 380 617 429 insignia
648 378 760 428 Regia
800 379 929 414 fecerat
967 388 1125 411 commu-

353 432 435 472 nia,
463 433 578 468 literis
606 444 646 466 ac
669 429 776 465 minis
799 428 1003 467 Castellano
1032 438 1124 474 prae-

354 482 471 531 cepit,
499 492 538 518 ut
567 481 798 517 innocentem
840 480 1041 526 Principem
1080 476 1124 511 li-

356 533 478 570 berum
505 533 725 569 dimitteret.
766 533 849 568 Non
888 528 1005 578 paruit
1032 527 1120 562 llle:

358 597 465 632 quare
492 597 579 633 opus
620 583 759 619 tandem
799 580 867 617 fuit
904 579 991 627 justo
1027 589 1124 612 exer-

357 635 433 672 citu
460 635 502 671 ad
528 633 691 671 officium
721 645 842 681 cogere
871 630 1028 665 nobilem
1071 627 1122 660 la-

355 694 520 729 tronem,
548 686 609 731 qui
632 683 747 732 capite
773 694 896 730 poenas
926 679 1018 721 luit,
1048 676 1122 723 ejus

357 738 466 773 etiam
494 736 648 773 Castello
669 748 688 769 a
716 728 953 767 fundamentis
980 727 1122 770 excilo,

356 799 400 823 ne
437 789 535 822 locus
572 783 793 832 imposterum
831 781 914 817 effet
950 777 1122 828 ejusmodi

355 836 511 874 infidiis.
541 837 638 871 Haec
668 833 833 868 habemus
859 831 898 867 in
921 829 1121 865 Annalibus

355 885 547 924 Estenfibus
575 899 593 921 a
621 897 676 920 me
715 883 842 925 editis,
877 894 967 930 quae
1003 889 1121 915 tamen

356 937 493 989 justiori
521 935 684 973 examine
711 932 866 970 recensui
903 933 941 967 in
973 932 1047 965 Par.
1076 931 1122 964 11.

358 987 633 1035 Antiquitatum
660 984 870 1026 Estenfium,
897 996 916 1018 a
938 995 990 1017 me
1019 981 1123 1029 paulo

359 1048 462 1075 antea
497 1038 616 1073 edita.
655 1036 718 1071 Sed
756 1034 888 1083 gratiae
926 1035 1004 1067 Deo
1030 1042 1123 1066 nunc

357 1090 536 1125 habendae
550 1112 560 1127 ‚
578 1086 673 1134 quod
690 1087 824 1121 nobiles
841 1081 1011 1132 ejusmodi
1029 1094 1124 1130 prae-

358 1141 466 1176 dones
487 1151 505 1174 a
531 1138 646 1172 multo
674 1146 831 1184 tempore
862 1133 1045 1171 defierint,
1073 1139 1123 1166 at-

358 1190 440 1228 triti
476 1200 601 1234 nempe
638 1197 698 1223 aut
723 1201 744 1222 a
771 1185 994 1222 Civitatibus
1034 1181 1123 1216 libe-

359 1241 432 1286 εἰς,
459 1248 520 1277 aut
546 1252 566 1275 a
593 1237 841 1287 Principibus,
876 1234 1005 1284 majori
1040 1243 1123 1268 con-

1151 400 1155 416 1

1212 395 1214 412 ς
1241 371 1282 406 de
1309 373 1430 408 nostris
1458 373 1675 421 temporibus
1702 377 1829 410 caussas
1852 389 2004 424 conque-

1241 423 1339 459 rendi
1378 423 1410 459 se
1448 425 1560 472 plures
1598 424 1720 461 habere
1760 435 1906 473 putant:
1946 439 2005 462 ve-

1241 474 1315 508 rum
1355 473 1377 508 fi
1415 488 1493 511 cum
1543 476 1825 523 praecedentibus
1871 476 2004 514 Seculis

1242 536 1333 561 aetas
1372 525 1453 561 haec
1492 527 1602 562 nostra
1639 539 1897 575 componatur,
1925 527 2004 574 qui-

1240 587 1391 632 cumque
1418 577 1614 625 intell·git,
1642 579 1747 626 quam
1774 578 2005 615 invidendum

1239 634 1333 660 inter
1375 628 1584 665 temporalia
1628 628 1761 664 bonurn
1806 628 1868 672 s1t,
1913 628 2005 672 posse

1243 674 1314 710 frui
1341 675 1503 710 intestma
1533 676 1650 722 quiete
1676 679 1710 713 ἃ
1741 679 2004 727 tranquillitate

1240 725 1402 772 publica,
1431 725 1522 759 levia
1552 727 1722 762 continuo
1747 738 1886 775 reputet
1911 729 2005 764 mala

1150 764 1212 814 ’Βῖ
1239 784 1344 822 atque
1385 775 1612 811 incommoda
1641 777 1692 811 rei
1722 779 1881 825 publicae
1912 792 2005 825 prae-

1207 849 1211 868 ;
1239 824 1345 861 sentis
1372 853 1381 861 .
1425 828 1548 874 Neque
1588 827 1683 862 enim
1727 827 2004 876 excogitandum

1206 872 1211 945 Ι
1239 875 1305 916 est,
1345 877 1425 913 dum
1467 879 1506 914 in
1549 878 1686 913 Mundo
1715 880 1886 916 vivimus,
1925 876 2004 914 fieri

1240 926 1352 981 posse,
1381 938 1420 962 ut
1447 929 1647 968 bellorum,
1684 939 1790 977 atque
1826 929 2004 964 malorum

1240 979 1411 1033 icaturigo
1451 978 1586 1026 prorsus
1628 978 1755 1015 arescat
1798 980 1828 1014 &
1870 979 2004 1015 ceffet.

1240 1028 1332 1062 Hexc
1361 1030 1396 1062 in
1425 1027 1549 1064 exfilio
1578 1028 1718 1067 sumus,
1746 1040 1850 1076 atque
1877 1029 1914 1064 in
1945 1043 2004 1076 pa-

1205 1090 1210 1126 g
1239 1081 1304 1113 tria
1332 1079 1494 1121 tantum,
1521 1078 1563 1114 ad
1593 1092 1696 1123 quarn
1728 1078 1934 1114 tentandum
1957 1078 2003 1113 est

1234 1177 1327 1214 citas
1353 1180 1456 1215 nobis
1484 1178 1649 1228 speranda
1673 1179 1721 1215 est
1736 1205 1746 1216 .

1202 1148 1214 1267 l
1238 1129 1320 1162 totis
1350 1128 1504 1168 viribus,
1543 1129 1641 1176 quies
1669 1127 1706 1164 &
1736 1129 1888 1177 perfccla
1924 1128 2003 1164 feli-

1859 2628 1949 2670 DE
