2248 3136
460 231 546 284 ’ὥς

766 230 1178 288 ANTIQUI-s,
1218 229 1452 270 MEDJJ
1491 232 1674 271 ΑΕΗ

1894 232 1976 285 184

389 287 455 323 tati
482 288 591 324 alicui
619 301 678 336 per
700 288 905 325 elcffionem
932 291 1035 336 Regis
1058 301 1153 336 prae·
1174 333 1176 335 Ι
1194 287 1224 322 Α
1265 286 1346 322 dum
1390 285 1525 322 cursum
1564 287 1701 335 inclyta
1732 289 1961 324 marchionum*
1983 289 2029 322 5-

389 335 500 375 feffl.
531 341 615 376 Non
644 341 789 375 nomine
826 339 968 388 quidem
1008 339 1061 374 sed
1089 352 1124 374 re
1142 365 1153 382 ‚

389 400 510 426 omnes
539 391 593 426 isti
622 391 790 434 Principes
826 391 905 426 sunt
942 389 1085 438 habiti;
1114 388 1152 425 &

385 440 526 487 quoties
557 441 594 477 in
632 440 789 477 Historia
832 451 1032 490 temporum
1069 439 1152 476 illo-

387 504 466 527 rum
494 499 806 529 commemorantur
833 494 998 528 Primores
1025 492 1152 536 Regni,

384 544 554 588 Principes
578 545 706 589 Regni,
733 556 805 579 non
825 542 890 579 alii
913 541 1153 590 significantur

383 605 489 640 quam
515 599 641 639 Duces,
670 595 897 637 Marchiones,
925 591 963 629 ἃ
986 594 1151 630 Comites,-

384 643 513 692 quibus
548 646 584 681 &
612 643 867 691 Archiepifiopi‚
906 642 944 680 δε
984 641 1151 687 Epiftopi,

381 695 416 731 &
455 696 566 744 postea
603 695 746 743 quidam
791 692 970 741 praecipui
1009 691 1151 728 Abbates

383 745 544 794 adjunEH
572 746 738 781 fuerunt.
768 744 877 791 Quod
904 745 986 779 vero
1015 743 1052 778 in
1081 743 1148 779 Ita-

384 795 435 832 lia
463 795 641 845 contigit.
668 795 762 831 idem
790 796 828 831 in
857 797 978 843 Regno
1005 795 1143 830 Germa-

382 845 490 890 niae,
528 847 562 882 &
602 846 766 890 Galliae,
805 845 872 881 sive
909 844 1077 880 Franciae
1103 846 1147 879 Ο»

382 896 544 933 rientalis
586 895 618 932 8:
662 896 905 933 Occidentalis
959 894 1114 931 occurrit
1140 921 1148 930 .

383 948 592 997 Arnulphus
620 946 894 984 Mediolanenfis
917 946 1045 982 Histor.
1066 946 1147 982 Lib.

381 999 410 1034 I.
439 1000 526 1046 Cap.
556 1011 590 1035 2.
627 1000 747 1034 Tomo
784 1000 848 1035 IV.
879 1000 956 1033 Rer.
994 997 1147 1032 Italicar.

384 1049 507 1085 aub’cor
542 1049 613 1091 est,
652 1048 798 1084 circiter
834 1050 979 1084 Annum
1018 1046 1149 1084 Christi

385 1102 708 1136 DCCCCXXXV.
732 1101 894 1146 statutum
922 1098 1020 1144 finfffi’
1052 1111 1147 1142 gene-

381 1155 454 1186 rale
483 1154 604 1195 Papiae
633 1152 817 1195 colloquium
845 1151 1017 1185 cunflorum
1044 1150 1149 1192 Regni

383 1204 590 1247 Principmn.
617 1203 714 1238 Tum
742 1200 833 1248 Cap.
860 1212 897 1248 7.
925 1198 1056 1238 tradit,
1082 1200 1144 1234 Ot-

383 1261 504 1289 tonem
534 1255 709 1301 Magnum
737 1252 857 1297 sonfilio
895 1252 1057 1294 H‘alperti
1086 1254 1149 1283 Ar—

384 1302 568 1348 rhiepiftopi
625 1303 872 1345 Mediolanenfis
898 1328 908 1343 ‚
952 1303 1150 1344 aliorumque

386 1355 491 1399 Regni
519 1355 733 1397 Principum,
759 1350 969 1387 descendisse
1005 1350 1044 1386 in
1081 1351 1150 1385 Ita-

387 1404 473 1441 liam
492 1431 500 1440 .
529 1405 583 1440 Ita
611 1404 698 1440 alibi
726 1402 884 1450 Scriptor
922 1402 985 1437 ille
1015 1400 1150 1436 Saeculi

388 1458 450 1492 XI.
479 1468 550 1503 quo
577 1455 698 1490 eodem
729 1455 852 1489 Seculo
874 1453 1006 1499 Wippo
1028 1452 1064 1486 in
1087 1451 1149 1485 Vi-

385 1515 422 1542 ta
458 1505 616 1541 Conradi
654 1503 783 1545 Salici,
821 1505 1031 1538 Lambertus
1073 1503 1150 1536 Sca-

387 1554 621 1604 fnaburgenfis
641 1577 650 1594 ‚
689 1553 726 1590 &
765 1551 1006 1601 Liutprandus
1035 1549 1151 1586 Secuii

388 1606 627 1657 praecedentis
665 1603 889 1646 Historicus,
929 1615 969 1638 ae
1007 1601 1151 1637 subinde

387 1659 453 1695 alii
476 1657 594 1707 passim
617 1656 677 1692 sub
695 1654 838 1692 nomine
856 1655 1041 1697 Principum
1058 1665 1151 1687 com-

389 1717 615 1750 memorant,
660 1719 747 1754 quos
792 1717 900 1753 nuper
942 1702 1151 1750 designavi.

389 1762 500 1795 Porro
548 1755 805 1806 antiquissimos
854 1753 954 1790 hosce
1003 1755 1116 1788 Duces
1142 1779 1152 1795 ‚

388 1809 617 1847 marchiones
634 1835 645 1853 ,
673 1806 711 1846 &
739 1805 902 1843 Comites
919 1831 930 1850 ,
961 1816 1152 1851 eorumque

390 1861 635 1898 continuatam
678 1857 854 1894 ditionem
897 1868 935 1891 ac
976 1854 1114 1903 stirpem
1143 1881 1153 1897 ‚

390 1925 483 1949 nunc
511 1910 629 1947 indica
658 1908 747 1944 mihi
766 1935 776 1953 ,
803 1906 827 1943 si
859 1905 952 1956 potis
980 1918 1039 1941 es,
1078 1905 1151 1940 Ple-

389 1963 514 2010 rosque
542 1959 676 1997 sustulit
704 1959 935 1995 humanarum
964 1968 1076 1992 rerum
1102 1955 1152 1991 vi-

390 2013 576 2056 ciffitudo,
614 2024 653 2048 ac
687 2009 857 2059 temporis
894 2006 1067 2044 edacitas.
1095 2011 1150 2040 Ve-

389 2066 460 2098 neti
502 2061 750 2099 tantummodo
792 2072 917 2096 munus
956 2071 994 2094 ac
1032 2056 1153 2093 seriem

391 2114 531 2150 suorum
558 2119 679 2147 Ducum
711 2123 890 2157 nunquam
921 2109 1154 2156 interruptam

390 2165 592 2204 servarunt,
620 2163 682 2212 qui
711 2172 828 2198 tamen
847 2188 858 2205 ,
886 2173 955 2195 non
985 2159 1038 2195 uti
1066 2159 1154 2193 olim

390 2229 452 2265 per
474 2213 717 2250 successionem
731 2240 741 2256 ‚
767 2212 819 2248 sed
841 2225 900 2258 per
921 2209 1130 2246 ele&ionem
1146 2236 1155 2252 ‚

391 2266 432 2302 ad
462 2264 633 2313 ejusmodi
662 2263 875 2312 dignitatem
903 2273 995 2296 nunc
1033 2273 1154 2306 prove-

391 2317 552 2364 huntur;
582 2314 619 2350 ὅ(
649 2311 895 2361 amplissimam
926 2310 1126 2359 potestatem
1146 2337 1155 2355 ,

394 2381 463 2414 qua
503 2364 723 2401 vetustissimi
768 2365 879 2399 Duces
926 2362 1154 2405 fruebantur,

393 2431 474 2454 cum
518 2419 666 2459 Senatu,
709 2414 857 2462 aliisque
894 2411 1155 2461 Magistratibus

390 2467 616 2517 partiuntur,
653 2466 785 2501 honore
824 2464 941 2513 potius
979 2464 1083 2511 quam
1122 2477 1155 2499 re

395 2522 533 2555 Duces.
564 2515 808 2564 praetergressa
846 2525 962 2550 tamen
1001 2515 1068 2557 est,
1104 2514 1155 2549 di-

388 2570 475 2607 vino
512 2581 678 2614 munere,
710 2575 764 2604 tot
796 2567 1021 2604 saeculorum
1049 2565 1157 2601 turbi-

1200 2102 1226 2134 ΓΞἹ

1256 338 1425 384 stenstum,
1469 350 1560 374 nunc
1602 339 1759 373 Mutinae
1800 339 1862 375 <Tc-
1903 344 2027 377 Ducum

1267 388 1439 433 Familia,
1468 389 1526 425 cui
1564 388 1601 426 in
1631 388 1734 425 Italia
1771 390 1905 426 nullam
1933 389 2026 426 anti-

1265 438 1547 489 quitaterparem
1575 440 1750 490 reperias,
1785 453 1942 489 quaeque
1969 443 2028 477 Se-

1265 489 1344 525 culo
1371 489 1502 528 christi
1531 491 1732 529 Undecimo
1769 500 1959 541 propagata
1986 490 2026 528 in

1261 540 1454 578 Germania
1506 541 1812 591 praeclariffimam
1861 538 2026 578 Brunsvi-

1264 590 1412 627 cenfium
1435 594 1574 628 Ducum
1603 592 1758 630 sobolem
1780 593 1822 630 ad
1851 591 2025 629 summam

1264 642 1458 688 potentiam
1501 643 1535 677 δε
1573 643 1721 691 gloriam
1759 644 1904 693 evexit3
1947 655 2025 679 eam

1262 691 1371 738 ipsam
1401 692 1593 737 videlicet,
1630 706 1718 741 quae
1755 707 1847 731 nunc
1883 694 1922 730 in
1951 706 2024 729 ma·

1265 754 1349 788 gnae
1377 741 1484 778 etiam
1515 743 1720 780 Britanniae
1749 745 1878 781 throno
1913 743 2027 793 splen·

1242 792 1347 829 adet.
1385 794 1483 829 Haec
1519 794 1640 831 omnia
1677 795 1784 832 certis
1819 807 1935 835 rerum
1963 794 2026 828 do-

1262 843 1434 879 cumentis
1461 857 1527 893 ego
1555 845 1624 893 jam
1653 844 1756 881 statui
1784 844 1822 881 in
1851 843 2025 892 Antiqui-

1262 893 1393 930 tatibus
1430 895 1619 932 Estenfibus
1658 897 1751 933 Part.
1791 895 1930 932 Prima.
1969 897 2024 931 Ita

1262 942 1359 979 felici
1385 944 1565 993 sanguinis
1593 946 1800 983 succeffione
1826 959 1866 983 ac
1897 943 2022 993 poss'es·

1262 992 1353 1030 fione
1380 997 1517 1043 amplae
1553 996 1704 1033 ditionis
1722 1024 1731 1041 ,
1767 997 1808 1033 ad
1846 995 1958 1032 nostra
1985 1009 2026 1032 u-

1262 1043 1343 1091 sque
1381 1054 1540 1094 tempora
1578 1047 1740 1095 perdurat
1766 1060 1805 1083 ac
1834 1045 1936 1082 floret
1963 1058 2026 1081 an-

1263 1095 1443 1142 tiquorum
1472 1099 1633 1131 Comitum
1662 1098 1939 1143 Maurianensimn
1960 1094 2026 1144 (di

1261 1146 1480 1194 Morienna)
1515 1148 1664 1193 simulque
1692 1149 1917 1183 Mat-chionum
1945 1159 2024 1195 pro-

1261 1194 1354 1244 sapia
1371 1223 1381 1240 ,
1419 1196 1456 1232 in
1485 1199 1589 1242 Regia
1617 1196 1875 1243 Sabaudienfinm
1903 1202 2026 1232 Ducum

1263 1248 1434 1290 Familia,
1463 1247 1520 1283 cui
1546 1248 1724 1284 Sardiniae
1746 1251 1905 1297 Regnum
1933 1259 2027 1284 nunc

1263 1295 1454 1343 subjectum
1478 1297 1625 1333 illustres
1641 1298 1771 1334 titulos
1786 1299 1907 1334 auxit.
1929 1303 2028 1333 Mar-

1262 1349 1384 1382 chiones
1413 1360 1554 1395 quoque
1586 1347 1788 1393 Malaffiinae
1805 1376 1815 1392 ,
1844 1346 2027 1384 vetustiffi·

1263 1398 1319 1433 ma
1346 1399 1537 1434 nobilitate
1565 1397 1808 1446 speetatiffimi
1845 1411 2004 1447 proceres
2016 1406 2031 1442 ,¹

1262 1447 1430 1495 reliquias
1469 1448 1629 1495 pristinae
1667 1448 1783 1498 gentis
1810 1461 1849 1484 ac
1877 1448 2027 1484 ditionis

1263 1506 1430 1547 tuentur3
1468 1498 1501 1533 &
1540 1496 1563 1533 fi
1599 1499 1662 1547 qui
1702 1498 1781 1535 sunt
1809 1498 1898 1542 alii,
1935 1509 2031 1534 certe

1263 1549 1386 1596 pauci.
1414 1547 1477 1597 qui
1497 1549 1539 1584 ad
1569 1550 1689 1586 Secula
1714 1549 1930 1589 remotiora,
1958 1548 2029 1585 fine

1263 1598 1424 1634 fabulosis
1452 1599 1612 1636 dubiisve
1649 1599 1821 1644 Chattis,
1858 1609 1920 1636 aut
1959 1599 2029 1636 Hi-

1262 1649 1402 1693 storiis,
1443 1651 1698 1699 Genealogiam
1737 1650 1829 1686 suam
1858 1651 2028 1687 deducere

1264 1699 1410 1746 poffint.
1440 1703 1646 1734 Marchiones
1667 1702 1945 1745 Montis-ferrati,
1967 1706 2028 1736 Pe-

1262 1751 1425 1793 ltzvicim',
1452 1753 1709 1791 cavalcaboves,
1737 1756 1871 1794 Cerae,
1899 1749 2032 1797 Bosa-hi,

1265 1803 1301 1835 cle
1344 1805 1500 1834 Cart-etto
1543 1800 1606 1836 (76.
1647 1804 1790 1837 Comites
1835 1804 1999 1836 Guidones
2015 1827 2028 1845 ,

1266 1852 1452 1891 meeHi,
1480 1852 1586 1885 Sam‘li
1626 1852 1792 1897 Bonifacii
1811 1878 1821 1895 ,
1858 1854 1896 1886 de
1931 1855 2030 1886 Blan-

1264 1904 1393 1941 Arate,
1434 1902 1469 1936 8<
1510 1900 1634 1938 horum
1678 1901 1806 1938 ssmiles
1847 1901 2028 1949 quondam

1267 1952 1498 2000 percelebres,
1526 1961 1586 1989 aut
1615 1952 1750 2001 prorsus
1787 1952 2029 1997 interierunt,

1268 2011 1326 2038 aut
1355 2002 1390 2038 in
1419 2003 1635 2049 reliquorum
1676 2002 1864 2040 Nobilium
1901 2002 2030 2038 sortem

1268 2053 1400 2102 jamdiu
1427 2053 1580 2101 conje&i
1608 2053 1726 2090 fuere.

1320 2106 1425 2140 Nunc
1454 2104 1560 2140 venio
1587 2105 1629 2140 ad
1666 2103 1843 2141 Civitates
1881 2104 2034 2141 liberas.'

1268 2156 1341 2191 Cur
1369 2155 1411 2190 ad
1451 2154 1630 2199 Principes
1667 2164 1728 2191 aut
1765 2157 1952 2201 Tyrannus
1978 2167 2033 2189 ea-

1268 2218 1345 2241 rum
1367 2204 1567 2241 dominatio
1590 2206 1760 2242 translata
1789 2205 1931 2240 subinde
1958 2203 2030 2239 fue-

1269 2256 1340 2300 rit,
1369 2255 1530 2291 brevibus
1558 2256 1695 2291 dicam:
1727 2254 1908 2290 Potiffima
1936 2253 2030 2290 caus-

1270 2306 1301 2342 sa
1330 2305 1513 2342 immutati
1536 2305 1718 2352 regiminis
1739 2304 1808 2340 fuit
1836 2304 2031 2341 fafflionum

1270 2357 1449 2404 Guelphae
1470 2355 1503 2390 8<
1525 2355 1729 2391 Gibellinae
1749 2355 1846 2391 furor
1860 2383 1869 2399 ‚
1892 2356 1933 2391 de
1955 2355 2032 2403 qui<

1272 2409 1333 2442 bus
1360 2406 1477 2442 aecum
1504 2405 1550 2441 est
1577 2404 1677 2454 supra
1711 2405 1749 2441 in
1779 2406 2030 2443 Differtatione

1271 2459 1333 2495 LI.
1360 2456 1457 2492 Aliis
1483 2465 1543 2492 aut
1568 2457 1825 2504 Imperatorum
1848 2457 2032 2503 voluntas,

1271 2517 1330 2544 aut
1359 2507 1549 2543 vicinarum
1582 2505 1787 2543 civitatum
1828 2507 1895 2544 five
1932 2509 2032 2545 Prin-

1271 2560 1388 2609 cipum
1417 2557 1578 2607 potentia
1605 2558 1822 2596 eminentior
1841 2587 1851 2603 ‚
1889 2569 1948 2596 aut
1983 2560 2036 2597 in-

1828 2613 1982 2664 dustria,
