2248 3136
231 253 310 294 771

490 238 590 276 EX
624 232 996 287 JORDAN!
1043 227 1485 269 CHRONICO.

1660 243 1742 282 77²

174 305 331 333 verenter
359 292 503 341 suscepti
532 293 630 328 sunt.
659 293 720 326 Sed
751 290 932 326 informati
975 291 1001 326 A
1045 293 1204 328 teneret-r
1236 282 1461 326 dimitteret,
1499 280 1537 320 ἅ-
1565 284 1809 322 Alienofidem

171 344 502 395 B1·ugenses,2quod
531 342 627 386 prior
659 340 833 377 officialis
866 344 915 377 Re

170 400 222 447 gis
261 395 293 432 se
331 395 504 443 jaE‘taffet‚
541 392 818 440 quamplurimos
847 394 920 429 B‘u

172 446 324 497 genfium
364 446 401 482 in
438 444 587 479 crastssnov
609 442 766 490 suspendi
798 442 929 483 facere.

171 498 412 545 desperatione
447 494 611 541 concepta
670 507 811 530 enorme
847 495 927 530 faci-

173 561 237 584 nus
266 545 556 593 praesumserunt.
583 543 699 580 Evafit
726 554 843 581 tamen
868 545 929 580 Of-

173 598 296 634 ficialis
334 595 526 644 praedicitis
564 595 621 631 hic
661 597 771 632 rabiei
812 596 926 632 incen-

172 658 249 684 tor.
291 648 441 688 Expulszi
480 660 618 693 quoque
661 657 763 693 gente
807 648 930 693 Regis,

172 698 373 735 Giidonem
419 698 612 740 Namurfii,
649 698 823 734 Guidonis
863 700 924 735 Co-

173 750 268 786 mitis
301 748 558 785 Flandrenfium
595 747 733 793 fliium,
761 748 799 785 in
837 749 931 785 suum

171 799 384 835 defensorem
414 804 443 833 &
475 800 669 836 Dominum
699 809 933 836 vocaverunt.

174 851 250 895 Qui
286 850 590 887 Theotonieorum
631 851 779 887 vallatus
817 851 931 887 multi-

171 901 317 942 tudine,
353 915 410 937 eos
449 902 490 937 ad
528 902 768 937 debellandum
807 900 932 938 fortius

175 951 369 986 animavit.
410 953 513 987 Tunc
565 952 680 988 miffus
721 953 766 988 est
812 961 932 988 contra

174 1014 231 1037 eos
270 1002 433 1038 Atrebati
472 1004 624 1039 Comes.
653 1002 781 1039 franci
814 1004 932 1041 viden-

174 1061 223 1087 tes
261 1052 472 1088 adversarios
500 1053 618 1090 venire
655 1055 806 1101 pedites,
841 1053 932 1101 quasi

174 1111 329 1138 textores
357 1102 394 1138 &
420 1103 636 1140 mechanicos
662 1104 879 1153 despiciunt,
903 1109 933 1139 &

172 1153 303 1189 ametis
330 1152 397 1188 suis
426 1154 571 1198 pedibus
605 1155 732 1203 absque
768 1156 850 1191 belli
880 1168 932 1190 or-

171 1203 254 1238 dine
281 1202 318 1237 in
346 1216 404 1238 ecs
431 1204 621 1243 irruentes.
651 1219 669 1239 a
694 1206 824 1241 lanceis
849 1207 932 1241 Bru-

170 1251 323 1300 genfium
346 1253 460 1301 ‘primi
496 1263 616 1289 euntes
644 1254 682 1290 in
710 1265 824 1291 morte
857 1270 932 1292 coa-

170 1302 219 1338 ai
250 1303 349 1345 sunt,
377 1303 500 1340 ceteris
525 1305 676 1351 turpiter
698 1304 933 1354 fugientibus.

170 1352 303 1389 Comes
341 1362 455 1388 autem
494 1355 731 1392 Atrebatenfis
767 1371 785 1392 a
822 1359 932 1393 Guar-

171 1403 277 1439 diano
306 1406 465 1440 Fratrum
503 1405 686 1442 Minorum
721 1407 933 1448 denudatus,

172 1456 205 1489 8<
244 1454 391 1503 triginta
428 1456 629 1492 vulneribus
664 1457 842 1495 confefflus
878 1459 933 1495 in-

172 1508 331 1547 venitur,
358 1506 391 1540 &
422 1505 457 1541 in
484 1507 630 1554 quadam
659 1509 819 1556 proxima
842 1511 931 1559 cap

168 1556 260 1604 pella
291 1555 505 1592 Montanum
536 1557 733 1605 sepelitur..

218 1607 279 1641 Eo:
309 1614 463 1652 tempore
495 1609 650 1646 Prae1ati.
686 1611 790 1661 Regis
825 1615 932 1648 Fran-

171 1658 249 1691 cIae
268 1655 447 1692 confilium
475 1656 661 1703 habentes,
688 1675 750 1709 pro
773 1676 815 1698 eo
839 1663 932 1710 quod

172 1706 212 1741 ad
241 1706 391 1741 curiam>
420 1707 536 1743 vocati
573 1708 733 1756 fuerant,
763 1715 874 1760 Papae
902 1713 934 1749 se

172 1756 362 1800 excusant,
403 1756 486 1803 quia
526 1757 722 1797 thesaurum
765 1773 931 1811 opportu-

170 1820 253 1842 num
284 1819 359 1841 non»
383 1806 515 1855 poffent
547 1808 588 1844 de
618 1812 738 1858 Regno
774 1814 934 1849 extrahe-
971 1841 974 1842 γ

705 1875 774 1908 prov
796 1862 827 1898 se
856 1866 933 1898 mit·
973 1904 975 1907 .

170 1871 226 1893 re.
250 1857 438 1906 Episcopos
467 1867 583 1894 tamen
611 1868 679 1896 tres

169 1917 278 1948 tunt,
302 1921 343 1944 ne
372 1908 505 1957 possent
542 1910 582 1946 de
616 1911 856 1948 inobedientia
884 1927 933 1949 re-

171 1959 364 2008 prehendi.
414 1962 486 1995 Rex
539 1974 680 2009 quoque
725 1963 931 2012 Episcopum

169 2009 509 2046 Au-tiffiodorensem
548 2011 688 2053 mittit,
721 2027 867 2062 rogans,
895 2024 934 2051 ut

172 2059 402 2106 supersederet
440 2061 544 2110 usque
572 2063 613 2098 ad
650 2074 787 2109 tempus
824 2065 933 2114 magis

171 2121 430 2158 opportunum.
458 2115 587 2148 Comes
623 2115 750 2151 Valefii
779 2117 855 2151 tota
880 2130 933 2152 ae-

172 2161 255 2196 state
286 2175 343 2209 per
371 2162 533 2198 Siciliam·
557 2163 748 2201 discurrens
765 2193 774 2204 ,
802 2167 932 2203 anima·

172 2212 219 2247 lia
250 2212 388 2259 quidem
426 2213 503 2249 suae
530 2214 626 2262 genti
664 2216 847 2253 necessaria
881 2218 933 2253 in-

170 2263 268 2298 venit
286 2290 293 2303 ,
324 2262 377 2298 sed
406 2264 550 2300 obvium
580 2264 641 2302 fibi
670 2268 807 2303 nullum
839 2282 932 2312 repe-

170 2312 239 2349 rit.
268 2314 426 2350 Audiens
455 2328 537 2351 vero
565 2329 660 2353 nova·
682 2317 723 2353 de
748 2318 942 2365 Flandria,.

173 2363 311 2399 suorum
342 2365 487 2401 consilio
514 2366 555 2402 ad
583 2381 621 2403 ea
658 2368 850 2416 quaesunt
878 2383 932 2416 pa-

174 2414 229 2450 cis<
250 2414 429 2458 incendit,
460 2416 518 2453 sub
545 2417 608 2453 hac
636 2418 768 2460 forma,
796 2429 835 2456 ut
871 2420 933 2456 sci-

173 2466 261 2501 licet·
292 2466 487 2504 fridericus
527 2478 605 2505 toto
641 2480 798 2516 tempore
839 2471 934 2507 vitae
975 2464 977 2469 Ι

172 2516 250 2552 suae
288 2517 448 2554 Siciliam·
483 2518 608 2566 absque
648 2521 750 2570 Regis
792 2522 934 2558 nomine

168 2566 382 2617 poffideretg·
407 2569 447 2607 δε
482 2570 660 2620 quidquid*
691 2573 730 2610 in
769 2573 934 2611 Calabria

984 2105 1008 2137 rei

1045 336 1154 372 filiam
1196 336 1300 382 Regis
1349 334 1473 369 Caroli
1521 333 1723 383 acciperet;
1768 336 1807 373 &

1045 387 1137 434 quod
1165 383 1243 431 ipse
1267 384 1416 420 Carolus
1451 384 1484 418 δε
1515 386 1686 421 Robertus
1725 387 1808 421 Dux

1044 436 1233 474 Calabriae
1275 434 1426 470 fideliter
1470 434 1668 472 laborarent
1718 435 1810 484 apud

1046 491 1177 536 Regem
1213 484 1444 535 Aragoniae‚
1474 486 1568 533 quod
1604 485 1656 533 jus
1695 486 1810 535 Regni

1047 538 1246 576 Sardiniae,
1274 537 1330 572 vel
1357 534 1490 572 Comes
1517 536 1559 572 de
1591 536 1726 572 Brenna
1755 537 1809 584 jus

1048 588 1159 638 Regni
1188 587 1302 634 Cypri
1341 586 1520 622 Friderico
1556 586 1699 626 darent,
1728 600 1811 622 con-

1047 639 1218 676 sentiente
1246 637 1425 686 praedifi'tis
1465 639 1626 673 Romano
1663 636 1812 673 Pontifi-

1048 704 1106 727 ce.
1138 690 1303 726 Praelatis
1332 688 1498 725 franciae
1534 688 1572 724 in
1600 687 1709 724 Curia
1738 700 1812 724 non

1047 741 1348 788 comparentibus,
1375 738 1578 775 Bonifatius
1606 738 1699 774 mifit
1725 740 1811 776 Car-

1047 793 1196 828 dinalem
1224 791 1416 836 johannem
1442 789 1636 834 Monachi,
1660 789 1723 838 qui
1751 789 1812 825 ha·

1049 844 1161 880 bitum
1207 843 1443 878 praelatorum
1489 840 1657 877 secretum
1701 839 1812 877 confi-

1046 895 1134 930 lium
1177 892 1322 929 Parifius
1358 891 1491 940 scripsit
1530 893 1666 940 Papae.
1702 890 1814 939 Apud

1046 945 1209 981 8³an
1233 943 1442 979 Adamarum
1465 943 1502 979 in
1525 943 1686 978 flandria
1708 941 1812 990 quin·

1046 996 1158 1031 decim
1188 995 1301 1029 millia
1330 993 1587 1029 Flandrenfium
1620 1007 1639 1028 a
1669 992 1810 1029 Francis

1046 1045 1139 1082 caesa
1160 1044 1258 1080 sunt.
1275 1045 1591 1080 MCCCXXXIII.
1611 1045 1684 1078 Rex
1706 1046 1811 1078 fran-

1046 1097 1119 1132 ciae
1147 1098 1294 1132 Terram
1330 1094 1573 1138 Guasconiae‚
1606 1106 1711 1141 quam
1748 1093 1812 1131 diu

1045 1156 1250 1194 occupatam
1299 1154 1480 1185 tenuerat,
1523 1143 1613 1193 Regi
1655 1144 1811 1192 Angliae

1045 1197 1224 1238 restituit.
1263 1197 1298 1232 &
1340 1195 1478 1232 firmata
1518 1195 1563 1231 est
1610 1208 1676 1243 pax
1717 1195 1812 1231 inter

1046 1262 1124 1285 eos.
1151 1247 1228 1296 Ipso
1253 1257 1411 1296 tempore
1438 1249 1512 1282 Rex
1542 1248 1705 1281 Franciae
1730 1258 1813 1281 con-

1045 1302 1183 1335 vocavit
1208 1300 1359 1334 Barones
1384 1302 1415 1332 ὅ(
1442 1298 1617 1333 Praelatos
1641 1295 1811 1342 Parifius,

1048 1350 1107 1386 ubi
1144 1349 1330 1385 trafflatum
1359 1348 1404 1384 est
1440 1348 1482 1384 de
1511 1351 1603 1396 Rege
1644 1347 1812 1384 franciae

1045 1401 1084 1438 &
1113 1401 1349 1437 Praelatorum
1386 1400 1646 1448 gravaminibus
1663 1425 1674 1443 ‚
1701 1411 1811 1445 quae,

1047 1463 1086 1488 ut
1122 1451 1359 1488 communiter
1394 1451 1597 1489 dicebatur,
1626 1450 1718 1497 Papa
1752 1448 1812 1486 illi

1048 1502 1174 1540 inferre
1202 1503 1363 1538 volebat.
1392 1501 1454 1550 Ibi
1477 1501 1613 1550 publice
1648 1498 1812 1546 imposita

1050 1553 1127 1589 sunt
1167 1555 1277 1602 Papae
1304 1551 1470 1596 haeretis,
1501 1550 1669 1594 limonia,
1696 1549 1813 1586 homi-

1050 1605 1205 1645 eid-ium,
1232 1608 1266 1639 &
1291 1603 1361 1639 alia
1388 1601 1555 1639 nefanda.
1583 1604 1630 1637 Et
1657 1600 1726 1637 fuit
1754 1614 1810 1650 ap-

1052 1657 1248 1704 pellatum,
1294 1655 1405 1690 donec
1459 1655 1552 1702 Papa
1602 1651 1814 1689 Concilium

1052 1714 1296 1756 congregaret.
1324 1705 1388 1741 Sed
1418 1706 1510 1753 Papa
1537 1703 1744 1740 Concilium
1771 1701 1815 1738 ad

1052 1757 1104 1793 sui
1140 1757 1380 1805 purgationem
1417 1755 1495 1791 fieri
1531 1754 1739 1803 denegavit.
1766 1755 1816 1789 Er

1052 1810 1131 1854 quia
1168 1809 1299 1841 multos
1340 1807 1557 1845 offenderat,
1586 1804 1817 1852 Anagninis,

1054 1858 1143 1892 unde
1169 1856 1336 1892 oriundus
1363 1865 1463 1900 erat,
1491 1855 1524 1892 se
1552 1854 1751 1899 transtulit,
1778 1867 1818 1888 u-

1053 1907 1091 1943 bi
1116 1917 1235 1954 captus
1259 1906 1351 1942 fuit.
1372 1908 1583 1942 MCCCIV.
1610 1908 1684 1941 Rex
1712 1907 1819 1940 Fran-

1055 1958 1128 1994 ciae
1157 1960 1269 2005 Papae
1305 1956 1489 1993 Bene-*dieti
1517 1955 1637 1992 literas
1674 1956 1745 2005 legi
1772 1953 1820 1992 fe-

1055 2009 1106 2045 cit
1130 2008 1167 2044 in
1193 2006 1302 2044 Curia
1315 2020 1331 2058 3·
1350 2007 1477 2056 quibus
1501 2006 1572 2056 ipse
1598 2008 1632 2042 &
1659 2009 1820 2057 Regnum

1056 2059 1154 2095 suum
1192 2058 1437 2096 absolvebatur
1464 2060 1507 2095 ab
1534 2060 1820 2097 excommunica-

1056 2110 1183 2155 tione,
1215 2124 1303 2157 quae
1339 2124 1358 2146 a
1395 2109 1580 2148 Bonifacio
1616 2111 1819 2148 credebatur

1055 2161 1182 2201 illata,
1218 2160 1256 2199 ἃ
1301 2162 1580 2199 concedebantur
1615 2162 1678 2198 fibi
1716 2162 1821 2199 Deci-

1057 2225 1133 2248 mae
1170 2211 1317 2249 duorum
1359 2227 1556 2250 annorum.
1598 2215 1702 2250 Tunc
1743 2217 1820 2252 Rex

1057 2266 1169 2300 tertio·
1199 2262 1275 2300 i‘vit·
1305 2267 1340 2300 in
1379 2264 1609 2305 Flandriam,
1631 2265 1733 2314 cujus.
1763 2279 1821 2301 co-

1057 2313 1132 2361 pias
1169 2314 1268 2363 juxta
1296 2314 1466 2352 Mentem
1501 2315 1668 2351 Pabulam
1706 2315 1823 2353 debel-

1056 2365 1173 2408 lavit,
1202 2369 1232 2400 δι
1261 2366 1422 2403 Insulani
1453 2365 1615 2414 depositis
1652 2366 1764 2403 armis.
1787 2366 1821 2404 se

1056 2415 1305 2453 reddiderunt..
1336 2420 1383 2454 Et
1421 2417 1544 2453 ceteris
1583 2416 1693 2453 Villis
1730 2426 1823 2455 treu-

1056 2467 1134 2515 guis
1162 2467 1252 2503 datis
1290 2467 1327 2503 in
1356 2467 1540 2504 franciam
1580 2468 1706 2504 rediit.
1735 2470 1825 2506 Gui-

1056 2519 1100 2553 do
1126 2516 1257 2554 Comes
1285 2518 1491 2559 flandriae,
1513 2518 1576 2565 qui
1602 2519 1689 2567 apud
1712 2520 1826 2557 Com-

1055 2569 1218 2618 pendium
1247 2568 1306 2606 diu
1347 2570 1508 2607 detentus
1537 2570 1670 2615 fuerat,
1699 2577 1728 2606 &
1757 2571 1825 2609 hoc

1680 2636 1773 2660 anno
