2248 3136
415 1701 424 1718 u
416 1651 426 1667 υ

429 1651 438 1665 -o

410 1753 422 1868 saun

426 1753 435 1816 vv

423 1853 431 1867 ἱ

410 1903 430 1918 97

409 1953 431 1968 '9

410 2004 432 2019 ’9

410 2054 431 2070 ’D

409 2104 418 2119 l

410 2154 430 2170 θ’

410 2207 420 2222 ’1

410 2308 421 2526 ouo-*e

423 2309 433 2526 *ou-0„-

411 2561 432 2579 θ)

490 215 571 254 331
791 201 837 240 A
852 202 896 240 N
909 199 952 239 T
967 201 990 240 1

472 271 595 294 omnes
623 256 713 293 faeie
741 256 818 292 sunt
847 255 1066 292 helemosinis
1084 283 1095 301 ‚
1123 268 1189 302 que

471 308 574 345 nobis
623 309 713 344 faae
763 308 862 350 sunt,
912 312 941 342 &
989 311 1025 342 de
1073 308 1188 352 Milfi‘,

470 374 550 405 quas
577 374 634 405 ego
661 358 698 393 (θ’
725 361 880 394 Monachi
907 363 969 394 mei
995 363 1172 393 decantare

468 421 546 445 runt
776 414 806 444 &
835 410 964 445 habent
992 410 1029 445 in
1057 412 1090 445 {e
1117 407 1187 456 ipse

469 464 650 510 Campane
687 460 814 498 Libras
852 461 1077 497 metallorum
1111 469 1187 495 tan-

469 521 549 548 tas:
580 526 647 549 una
674 511 859 556 Campana
887 511 1000 559 major
1027 511 1074 547 est
1102 524 1188 559 pon-

472 564 561 600 deris
591 564 691 599 mille
718 564 946 599 ducentarum
975 586 1094 597 ......
1118 562 1187 596 alia

470 615 773 664 quingentarum,
811 613 917 648 tertia
954 621 1186 646 trecentarum

470 666 604 715 viginti
641 665 821 713 quinque,
859 672 983 709 quarta
1020 661 1182 697 ducenta-

467 730 544 752 rum
565 744 575 759 ,
601 720 726 763 quinta
753 722 892 749 centurn
910 739 919 755 ,
949 711 1044 748 sexta
1073 711 1110 748 ἃ
1139 712 1185 747 se-

472 767 583 815 ptima
627 764 990 812 quinquagintarum.
1032 764 1186 808 Q-mndo

467 817 549 851 veni
577 816 617 852 in
644 815 758 862 ipsum
787 817 905 850 locum
936 827 1005 848 non
1038 814 1186 853 inveni.

467 865 555 902 ficut
596 865 750 913 superius
788 865 1089 904 memoravimus,
1124 863 1185 899 nifi

468 930 575 952 unum
614 916 800 953 camisum
830 929 909 952 cum
939 916 1124 951 Planctula
1151 916 1185 950 &

469 969 569 1003 Stola
596 967 653 1003 sua
693 968 810 1003 linea.
850 969 954 1003 Nunc
982 975 1097 1001 autem
1127 965 1184 1000 ha-

471 1018 589 1054 bemus
630 1018 668 1053 in
709 1018 823 1065 ipsum
866 1018 985 1052 locum
1029 1015 1183 1052 fatigium

467 1067 598 1105 Camifi
622 1068 789 1104 tredecim
815 1080 895 1103 cum
922 1066 1075 1102 Amiffis
1096 1067 1186 1106 suis,

467 1121 502 1154 δι
540 1129 610 1155 tres
643 1118 774 1156 Camifi
812 1117 890 1154 sunt
931 1127 1004 1153 tam
1041 1117 1185 1164 perfetsti

469 1171 504 1205 &
529 1169 686 1219 optimi,
710 1178 753 1205 ut
779 1168 947 1214 Episbopus
971 1170 1089 1213 Opizus
1115 1170 1185 1203 Do-

469 1221 544 1256 mui
570 1220 696 1256 Sansse
732 1220 852 1255 Marie
885 1218 990 1267 poffit
1015 1232 1095 1254 cum
1123 1218 1184 1253 ho-

467 1283 552 1305 nore
591 1280 734 1306 cantare
776 1269 902 1305 Miffas
944 1270 983 1304 in
1024 1269 1083 1304 die
1122 1270 1185 1304 Pa-

465 1320 573 1370 sche3
613 1321 649 1356 &
687 1329 756 1356 tres
795 1321 987 1361 Planetas‚
1029 1319 1098 1355 due
1140 1319 1185 1354 de

466 1372 600 1419 pallio,
638 1384 706 1407 una
745 1371 902 1406 valentes
937 1370 1074 1406 Solidos
1103 1383 1179 1405 cenr

467 1431 572 1475 tumg
593 1422 670 1458 alia
706 1422 862 1457 valentes
898 1420 1030 1456 solidos
1057 1421 1184 1469 trigin-

466 1482 525 1517 ta,
554 1473 658 1509 tertia
682 1473 728 1509 de
752 1472 929 1517 castanea,
947 1472 981 1507 ἃ
1007 1480 1078 1508 tres
1106 1474 1182 1507 Sto—

464 1524 515 1558 las
551 1523 704 1571 optimas
738 1536 819 1558 cum
862 1521 1059 1569 Manipulis
1090 1521 1182 1564 suis,

462 1573 529 1609 due
555 1574 598 1609 de
626 1585 797 1621 purpure,
820 1572 859 1608 &
881 1571 950 1606 alia
976 1571 1019 1606 de
1047 1572 1182 1619 pallio,

464 1625 500 1659 &
532 1633 598 1660 tres
622 1622 839 1672 Corporales
866 1622 907 1657 de
934 1621 1047 1669 pallio
1081 1622 1182 1657 valde

464 1674 629 1723 optimo.
658 1672 782 1709 Unum
809 1672 1009 1720 Corporale
1034 1671 1078 1707 de
1101 1671 1182 1718 :ipsis

573 436 737 447 00000000

464 1726 578 1761 tribus
605 1723 650 1759 est
677 1724 719 1760 de
747 1723 871 1759 brusco
897 1724 1066 1758 deaurato
1085 1749 1094 1766 ‚
1122 1736 1181 1757 va·
1206 1729 1208 1731 ’

460 1777 556 1812 lente
593 1774 735 1811 Solidos
772 1776 827 1823 vig
844 1773 926 1815 nti,
961 1786 1064 1821 quem
1095 1772 1181 1808 fecit

461 1831 523 1862 Leo
559 1831 649 1871 Papa
689 1830 748 1861 IV.
787 1829 968 1867 Romanus,
1003 1824 1036 1858 ἃ
1075 1822 1181 1859 habet

458 1878 497 1914 in
541 1876 575 1913 se
618 1875 760 1922 depicsta
807 1875 930 1925 imago
985 1874 1180 1910 salvatoris

458 1927 563 1964 nostri
589 1927 632 1963 de
660 1926 808 1966 brusco,
844 1927 879 1961 &
907 1937 953 1960 ex
984 1937 1052 1960 una
1080 1936 1179 1973 parte

457 1978 576 2027 imago
616 1977 736 2014 Sanffi
781 1976 877 2013 Petri
922 1974 1106 2022 Apostoli,
1142 1977 1176 2011 ἃ

456 2042 500 2065 ex
528 2030 596 2065 alia
634 2038 731 2078 parte
767 2027 888 2064 Sansti
925 2026 1094 2070 johannis
1133 2028 1169 2062 E—

422 2105 430 2119 ,
459 2080 663 2129 vangeliste.
703 2081 750 2114 Et
788 2092 895 2114 unum
938 2077 1098 2113 Pluviale
1134 2077 1177 2113 de

458 2143 631 2178 purpura,
658 2129 697 2167 &
724 2129 837 2167 alium
862 2130 905 2166 de
933 2127 1046 2178 pallio
1074 2128 1177 2165 valde

424 2207 431 2221 ,
459 2182 587 2217 bonum
604 2207 614 2216 .

463 2256 483 2271 μ
510 2230 664 2277 Quando
700 2229 782 2265 veni
821 2230 859 2266 in
900 2229 1014 2278 ipsum
1055 2228 1173 2264 iocum

460 2295 532 2317 non
561 2281 744 2329 legebatur
769 2279 807 2315 in
837 2279 907 2327 ipsa
938 2276 1087 2314 Ecclesia
1116 2292 1175 2324 per

459 2341 574 2369 totum
604 2331 674 2366 fere
701 2342 830 2366 annum
859 2328 921 2365 nifi
950 2327 1104 2376 Epistole
1138 2330 1171 2364 8<

458 2382 674 2433 Evangelia.
699 2381 780 2425 quia
807 2393 878 2416 non
905 2379 1097 2416 habebatur
1119 2380 1170 2416 ni—

458 2433 480 2470 si
509 2447 617 2470 unum
646 2432 805 2468 Miffale.
834 2433 940 2467 Nunc
966 2439 1079 2466 autem
1109 2430 1170 2466 sci-

460 2493 558 2525 tote.
594 2484 773 2534 quomodo
810 2482 1014 2518 melioratus
1052 2481 1098 2516 est
1132 2481 1174 2516 de

457 2535 578 2574 Libris
617 2534 733 2584 ipsum
770 2535 922 2570 iocum.
963 2534 1174 2569 Sermonum

1005 195 1483 288 QUIT.AWED11
1520 199 1707 240 AEVI

1925 218 2004 258 332

1355 253 1467 289 Liber
1492 268 1605 300 unuS,
1642 269 1746 304 quern
1774 270 1840 307 ego
1867 257 1979 309 scripii
2012 261 2064 298 so-

1305 328 1324 344 „
1350 304 1403 340 lus
1430 318 1508 341 cum
1540 308 1656 343 Priore
1682 321 1785 354 meo,
1813 308 1898 346 sicut
1917 312 2064 349 habetur

1304 380 1322 393 .,
1349 356 1484 393 Domui
1511 358 1636 394 sanae
1665 360 1804 400 Max-ie,
1843 363 1942 398 valde
1968 363 2064 411 opti-

1303 419 1447 448 ,‚‚mus.
1484 408 1593 445 Liber
1629 409 1826 447 Istoriarum
1861 426 1973 454 unus,
1998 412 2062 450 ubi

1305 482 1321 495 η
1347 457 1551 496 continetur
1575 461 1752 510 quidquid
1780 462 1818 500 in
1846 462 1962 500 saneta
1995 467 2063 501 Ec-

1305 533 1323 546 .‚
1349 508 1448 545 clefia
1474 514 1624 559 pertinet
1643 518 1685 548 ad
1710 514 1894 563 legendum
1923 529 1983 563 per
2005 525 2063 553 to-

1304 583 1320 596 s,
1345 569 1418 595 tum
1443 574 1590 598 annum.
1611 565 1767 600 Textum
1789 567 2062 615 Evangeliorum

1301 635 1318 647 .,
1345 623 1452 645 unum
1490 613 1590 647 valde
1625 615 1760 660 optime
1796 616 1945 664 scriptus
1980 629 2062 653 cum

1300 684 1318 697 ,‚
1344 661 1464 694 tabula
1490 663 1532 695 de
1555 673 1698 709 argento
1719 666 1820 701 valde
1843 668 1953 704 bone.
1983 666 2063 703 Pas-

1299 733 1318 747 „
1345 709 1532 744 fionarium
1568 724 1674 746 unum
1711 726 1860 754 novum,
1887 719 1947 752 ubi
1981 718 2062 754 sunt

1300 784 1319 797 ,‚
1346 772 1466 795 omnes
1493 759 1663 797 Paffiones
1692 763 1947 801 Ecclefiastice.
1971 768 2062 803 Tra-

1300 835 1320 847 „
1346 809 1459 845 &atus
1497 810 1596 854 super
1627 813 1794 857 Genesis,
1832 815 1949 851 53τὲἶί
1989 819 2064 853 Au·

1302 886 1319 898 ‚‚
1346 860 1471 908 gustini
1515 863 1625 900 Liber
1664 878 1778 900 unus.
1825 868 2061 915 Dialogorum

1303 936 1322 949 ,‚
1350 913 1460 947 Liber
1486 926 1594 949 unus.
1631 916 1827 951 Moralium
1857 918 1923 960 Jub
1952 919 2063 955 Liber

1301 987 1321 1000 „
1346 975 1457 998 unus.
1495 966 1673 1000 Summum
1712 967 1840 1001 bonum
1880 968 1990 1004 Liber
2025 981 2064 1004 u-

1300 1038 1320 1051 „
1347 1026 1436 1049 nus.
1474 1014 1643 1051 Diadema
1681 1017 1787 1052 Liber
1814 1031 1922 1053 unus.
1960 1020 2062 1054 Para-

1302 1087 1322 1101 „
1349 1063 1410 1098 difi
1441 1065 1549 1101 Liber
1577 1079 1686 1102 unus.
1724 1068 1922 1104 Gloffarum
1953 1068 2062 1105 L³ber

1304 1138 1320 1152 ,‚
1347 1127 1455 1150 unus.
1483 1114 1648 1153 Canones
1677 1118 1787 1154 Liber
1813 1132 1921 1156 unus.
1941 1117 2063 1155 sanai

1299 1340 1319 1354 ‚‚
1343 1315 1540 1353 {iurnalem

1298 1391 1306 1403 ‚
1345 1380 1451 1405 vum,
1473 1368 1569 1413 quod
1594 1368 1638 1403 est
1663 1380 1904 1417 comparatum
1935 1370 2060 1407 Libras

1300 1188 1319 1203 ‚‚
1347 1165 1528 1201 Benediffi
1561 1169 1692 1215 Regula
1720 1170 1833 1206 Liber
1858 1183 1968 1206 unus.
1999 1171 2062 1205 Pa-

1315 1215 1469 1252 ‚stoi-ale
1505 1218 1616 1253 Liber
1653 1231 1764 1256 unus.
1803 1217 2061 1268 Antiphonariff

1344 1265 1448 1305 0610,
1475 1266 1634 1315 quinque
1660 1269 1836 1305 diurnales
1852 1297 1865 1314 ,
1898 1280 1970 1306 tres
1995 1283 2064 1306 no-

1583 1318 1695 1353 Liber
1733 1320 1958 1356 Bibliothece
1999 1333 2062 1356 no·

1344 1417 1486 1453 decem.
1521 1418 1679 1455 Miffales
1716 1421 1895 1469 quinque.
1939 1424 2060 1458 Unum

1345 1469 1486 1504 Mifl‘ale
1507 1470 1606 1505 vaide
1630 1471 1830 1518 optimum,
1855 1473 1948 1520 quod
1974 1471 2062 1508 sem-

1344 1532 1405 1565 per
1430 1521 1474 1554 in‘
1490 1532 1569 1554 arca
1596 1521 1774 1560 manebit,
1796 1523 1966 1557 valentem
1996 1523 2058 1557 So-

1344 1568 1435 1603 lidos
1465 1579 1628 1605 centum.
1666 1572 1773 1616 Super
1801 1573 1965 1608 Ezechiel
1996 1572 2081 1618 Li„

1347 1618 1405 1653 ber
1432 1631 1539 1654 unus.
1577 1620 1681 1656 Libri
1712 1621 1927 1658 Psalmoram
1958 1622 2059 1660 valde

1297 1693 1317 1706 ‚.
1340 1668 1473 1714 optimi
1509 1669 1689 1716 quinque.
1725 1673 1827 1717 Qiot
1862 1672 1940 1707 sunt
1969 1672 2059 1708 insu-

1298 1743 1317 1757 „
1345 1731 1404 1766 per
1430 1728 1546 1754 totum
1584 1732 1768 1756 numerum
1798 1721 1946 1769 triginta
1973 1735 2060 1769 qua-

1342 1777 1448 1804 tuor.
1476 1771 1630 1815 Quando
1660 1771 1738 1807 veni
1767 1771 1805 1807 in
1832 1773 1904 1819 ipia
1933 1773 2056 1808 Eccle-

1343 1818 1410 1861 fia,
1446 1833 1517 1855 non
1554 1821 1675 1857 inveni
1713 1821 1775 1856 nifi
1815 1835 1919 1857 unum
1953 1821 2058 1859 Cali-

1298 1894 1315 1908 ‚‚
1342 1883 1416 1904 cem
1445 1871 1487 1906 de
1515 1873 1666 1918 stagno,
1695 1873 1806 1907 Modo
1833 1881 1947 1907 autem
1975 1885 2056 1908 cum

1297 1945 1316 1959 ‚,
1343 1920 1482 1956 auxilio
1523 1922 1669 1956 Domini
1706 1921 1877 1957 habentur
1902 1922 1954 1958 ibi
1985 1921 2058 1959 Ca-

1297 1996 1316 2011 „
1342 1972 1428 2006 lices
1455 1980 1629 2018 quatuor,
1657 1984 1762 2006 unum
1789 1973 1833 2008 de
1861 1986 1944 2008 auro
1983 1973 2056 2010 val-

1300 2048 1303 2056 .
1343 2022 1385 2056 de
1414 2023 1546 2063 bonus,
1584 2026 1614 2055 &
1652 2021 1757 2057 habet
1794 2023 1911 2059 uncias
1949 2023 2059 2060 unde·

1297 2097 1318 2113 ,‚
1344 2071 1439 2111 cim.
1475 2072 1563 2107 alius
1600 2072 1642 2106 de
1678 2083 1825 2121 argento
1859 2074 1992 2122 major,
2019 2075 2055 2111 δε

1297 2148 1315 2161 ,,
1340 2121 1447 2158 habet
1491 2124 1617 2158 Libras
1658 2132 1751 2163 tres,

1797 2124 1831 2159 δι

1880 2125 2026 2161 mediam
2043 2148 2055 2166 ‚

1296 2198 1314 2211 ,‚
1341 2172 1404 2208 alii
1431 2172 1502 2208 duo
1531 2172 1694 2209 habentes
1722 2177 1756 2209 in
1785 2174 1817 2211 se
1844 2174 1989 2212 Libram
2016 2186 2057 2210 u-

1295 2249 1313 2263 „
1341 2235 1419 2258 nam
1459 2224 1502 2259 de
1538 2234 1683 2272 argento
1727 2239 1787 2272 per
1826 2237 2054 2272 unumquem-

1295 2300 1314 2314 „
1340 2286 1428 2322 que.
1465 2276 1619 2320 Quando
1654 2275 1736 2310 veni
1774 2276 1811 2311 in
1847 2274 1956 2322 ipsam
1993 2275 2054 2313 do-

1297 2350 1317 2364 .,
1343 2337 1439 2360 mum
1458 2352 1469 2363 ,
1497 2337 1568 2359 non
1595 2325 1716 2360 inveni
1745 2325 1806 2361 nifi
1834 2337 1937 2360 unam
1977 2338 2054 2373 par-

1295 2401 1315 2416 ’9

1342 2387 1420 2410 vam
1460 2374 1633 2424 domum3
1679 2375 1716 2411 &
1764 2374 1928 2423 posquam
1975 2378 2050 2425 cepi

1296 2451 1315 2463 „
1341 2425 1553 2461 commorari
1590 2438 1669 2461 cum
1708 2425 1793 2461 meis
1833 2425 2051 2472 Monachis‚

1295 2504 1312 2514 .,
1339 2474 1407 2511 feci
1443 2477 1561 2512 levare
1596 2474 1786 2512 manfiones
1823 2476 1952 2512 ibidem
1984 2490 2048 2512 no·

1293 2553 1312 2572 „
1339 2539 1422 2568 vas,
1455 2527 1492 2562 ἃ
1518 2525 1592 2577 post
1618 2526 1736 2563 decem
1763 2540 1871 2564 annos
1902 2527 2047 2565 disrum-

1818 2604 1845 2625 ,‚
1871 2578 1999 2627 peban-
