2248 3136
437 214 487 253 13
732 205 1144 260 ANTIQUJT.
1186 204 1422 245 MEDII
1459 200 1643 245 AEVI
1898 210 1950 246 16

374 254 412 293 in
439 257 630 293 certamina
655 271 694 294 ac
720 259 863 302 caedes,
889 261 927 295 ea
954 262 996 296 de
1023 260 1137 296 caussa

376 307 553 344 interdum
588 308 685 345 stulti
722 320 945 356 proruerent.
983 313 1045 347 Sed
1084 311 1137 347 ni·

377 358 429 394 hil
465 358 591 395 horum
623 361 893 409 comparandum
922 361 1021 398 venit
1058 375 1136 398 cum

374 409 606 446 Fastionibus
645 410 714 455 iis,
751 425 837 458 quas
876 412 998 448 tandiu
1034 413 1139 449 ltalia

375 460 487 500 aluit,
515 462 550 496 &
578 474 725 509 quarum
756 474 874 501 nunc,
902 464 1006 509 quam
1036 477 1138 510 expe-

377 510 544 547 ditiffime
569 521 714 560 potero,
735 512 909 548 delineare
932 512 1057 549 faciem
1079 514 1140 549 sta-

376 561 453 597 tui.
481 562 560 598 Erit
581 563 674 610 quod
700 562 831 611 semper
855 563 1045 603 miremur,
1066 573 1142 599 tan-

377 620 452 648 tam
491 612 645 660 pestem,
689 622 827 649 tantum
865 613 1062 650 dementiae
1102 614 1140 651 in

377 662 519 711 pestore
547 663 716 711 majorum
745 664 938 700 nostrorum
968 665 1140 712 irrepere,

381 724 527 760 tamque
555 715 642 749 altas
679 713 715 749 in
746 713 790 750 iis
821 714 951 750 radices
980 728 1079 764 agere
1105 729 1127 751 o

377 764 444 800 lim
475 764 643 812 potuiffe.
671 764 734 799 Sed
762 764 822 800 ubi
847 765 1142 813 recogitabimus,

381 827 470 862 quae
507 823 706 862 quantaque
743 813 784 851 fit
821 814 966 851 humani
1008 817 1142 865 generis

380 864 594 904 infirmitas,
622 877 833 913 quamquam
864 879 926 901 nos
955 866 1134 903 incredibi-

379 915 425 950 lis
463 914 620 963 superbia
657 916 817 963 quotidie
851 915 980 956 inflet,
1015 917 1141 953 miran-

380 965 416 1001 di
446 964 550 1001 finem
581 965 770 1015 faciemu53
805 978 909 1015 atque
939 967 975 1003 id
1004 977 1139 1004 tantum

379 1016 572 1060 optandum
601 1017 692 1054 erit,
727 1017 895 1053 videlicet
932 1031 974 1053 ne
1010 1031 1076 1065 qua
1104 1018 1141 1053 in

377 1067 548 1115 posterum
586 1068 696 1103 caussa
736 1068 888 1103 ullorum
931 1068 1068 1104 animos
1104 1068 1140 1104 in

379 1117 552 1165 ejusmodi
580 1117 775 1154 detestanda
805 1118 929 1154 deliria
968 1118 1140 1167 abripiat.

377 1169 503 1217 Itaque
531 1170 766 1202 Gibellinormn
795 1170 938 1204 nomine
967 1169 996 1205 ii
1028 1171 1141 1217 primo

380 1219 673 1267 defignabantur‚
711 1218 771 1266 qui
812 1229 872 1254 aut
910 1219 1077 1256 friderici
1115 1222 1141 1256 Ι.

379 1270 528 1316 Augusti
579 1268 766 1305 Familiam
811 1269 1041 1317 sequebantur
1081 1280 1142 1306 aut

378 1319 417 1355 in
445 1320 510 1355 fide
539 1322 791 1367 Imperatorum
818 1323 1056 1356 Romanorum
1083 1322 1141 1356 sta-

380 1371 487 1410 bant,
514 1383 703 1417 eorumque
731 1370 966 1406 dominationi
1003 1371 1042 1407 in
1074 1374 1139 1407 Ita-

380 1421 467 1456 1alia
504 1421 689 1459 favebant,
719 1419 754 1455 ἃ
787 1420 914 1456 subesse
950 1421 1142 1457 amabant.

379 1470 540 1511 Contra,
568 1470 630 1516 qui
658 1483 777 1506 eorum
804 1470 1000 1511 familiam,
1031 1471 1141 1519 impe-

381 1522 499 1562 rium,
529 1530 635 1568 atque
665 1520 910 1557 aussoritatem
940 1521 1141 1557 aversaban-

381 1583 464 1612 tur,
501 1573 638 1616 Guelphi
675 1571 844 1620 appellati
882 1571 1002 1608 fuere.
1042 1574 1140 1609 Haec

381 1622 505 1672 primis
535 1622 743 1659 factionum
774 1622 911 1658 istarum
948 1636 1142 1671 propugna—

382 1674 518 1710 toribus
555 1687 651 1709 mens
679 1673 774 1718 fuit,
813 1673 895 1709 haec
932 1687 1053 1709 eorum
1084 1687 1141 1709 cu-

380 1725 493 1773 pido,
523 1725 611 1760 unde
640 1723 821 1760 schismata
850 1724 1034 1759 innumera
1065 1737 1141 1771 pro-

382 1776 500 1810 diere.
533 1776 655 1822 Neque
680 1776 817 1810 rantum
847 1773 1033 1810 furibunda
1060 1774 1143 1809 haec

383 1826 580 1861 animorum
624 1825 797 1860 discordia
839 1824 942 1860 studia
985 1824 1022 1861 &
1062 1834 1144 1860 vota

384 1876 535 1912 Urbium
565 1875 709 1915 divisit,
746 1874 802 1911 sed
833 1874 939 1910 etiam
969 1875 1064 1911 inter
1093 1875 1143 1923 ip-

382 1926 433 1961 sos
464 1927 566 1963 unius
602 1926 825 1974 ejusdemque
854 1925 961 1961 Urbis
995 1927 1145 1969 Populos

383 1990 526 2026 pomum
565 1977 754 2012 discordiae
789 1976 955 2012 latiffime
993 1976 1145 2012 dissemi-

383 2028 506 2063 navit.
538 2028 750 2063 Procedente
774 2027 884 2074 postea
912 2037 1067 2074 tempore
1088 2041 1144 2062 ve-

385 2078 453 2114 luti
484 2079 539 2114 his
567 2078 855 2114 contentionibus
893 2077 1052 2113 fascinati
1083 2078 1145 2112 ho-

384 2130 496 2165 mines
518 2153 528 2168 ,
575 2129 664 2164 nihil
711 2128 888 2164 interdum
939 2127 1114 2176 respexere
1134 2153 1145 2169 ,

385 2180 471 2225 quid
510 2179 712 2215 Fassionem
748 2179 918 2222 creasset,
955 2192 1066 2226 neque
1109 2192 1147 2214 u-

386 2241 479 2266 trum
510 2230 780 2277 Imperatoribus
809 2229 987 2274 faverent,
1015 2242 1057 2264 an
1085 2230 1146 2264 ob-

386 2281 565 2330 fisterent3
602 2280 656 2316 sed
699 2279 861 2329 ingenito
897 2293 936 2315 ac
974 2279 1148 2327 pertinaci

385 2333 556 2369 duntaxat
579 2331 688 2371 odio,
720 2330 813 2378 quod
843 2329 1000 2378 persaepe
1030 2344 1047 2365 a
1075 2343 1147 2366 ma-

385 2383 516 2433 joribus
547 2383 598 2419 uti
632 2381 880 2418 hereditarium
916 2390 1148 2429 acceperant,

385 2448 470 2470 unus
495 2435 654 2470 adversus
680 2433 830 2468 alterum
859 2431 986 2480 agitati
1013 2445 1050 2467 ac
1079 2432 1146 2467 im—

384 2485 491 2533 pulsi,
528 2485 630 2521 unice
658 2484 699 2520 ad
740 2483 829 2519 illud
867 2481 1076 2525 inhiabant,
1108 2490 1149 2518 ut

385 2535 617 2582 adversarios,
652 2535 719 2571 five
747 2543 907 2574 exteros,
940 2531 1007 2570 five
1040 2533 1149 2570 Cives

1181 265 1215 298 A
1258 261 1334 295 suos
1352 288 1360 303 ‚
1389 261 1624 308 deprimerent
1651 267 1757 310 atque
1792 268 2019 307 everterent,-

1222 322 1224 325 ’
1257 310 1389 358 fibique
1416 312 1495 347 unis
1522 312 1711 359 imperium
1738 312 1776 348 in
1802 314 1926 349 liberis
1952 312 2017 350 Ci-

1257 362 1428 397 vitatibus
1456 361 1660 398 afl'ererent.
2061 403 2064 407 ⁴

1308 412 1493 461 Originem
1517 425 1558 448 ex
1578 412 1772 449 Germania
1795 423 1930 450 traxere
1952 416 2019 451 Fa·

1258 461 1390 498 &iones
1428 463 1535 507 istae,
1571 472 1611 499 ut
1649 464 1717 512 jam
1758 464 1864 500 certis
1902 477 2019 504 rerum
2068 494 2071 504 ,,

1257 513 1479 550 documentis
1506 513 1643 561 eviciffe
1678 513 1765 550 mihi
1792 515 1915 551 videor
1942 516 2019 550 Par.
2068 557 2071 560 4

1260 566 1286 599 l.
1311 566 1398 612 Cap.
1426 576 1486 612 31.
1514 572 1590 613 pag.
1610 576 1695 612 335.
1724 565 1947 611 Antiquitat.
1973 566 2020 600 E—

1258 614 1436 650 stensmm.
1464 617 1565 660 Quae
1593 616 1673 650 illic
1700 615 1772 651 sum
1803 624 2021 651 commenta-

1258 673 1334 703 tus,
1371 664 1463 699 nihil
1498 665 1545 700 est
1580 665 1677 712 quod
1710 678 1776 714 ego
1812 665 1890 702 heic
1925 678 2019 714 repe-

1208 745 1213 748 .
1260 724 1353 750 tam.
1395 715 1486 750 lllud
1523 728 1607 764 ergo
1643 717 1891 752 tantummodo
1922 716 2021 752 refri-

1258 767 1403 801 candum
1435 776 1544 810 puto.
1570 779 1695 814 nempe
1722 766 1867 801 caussam
1894 767 1928 801 ἃ
1958 778 2020 801 no-
2053 813 2056 816 ξ

1260 829 1338 852 men
1370 816 1595 852 Faaionibus
1632 816 1725 852 hisce
1759 818 1840 852 data
1876 816 1974 853 fuiffe
2001 828 2020 851 a
2054 819 2056 821 ’

1258 867 1408 902 diutinis
1436 866 1542 903 ferme
1568 866 1826 906 simultatibus.
1851 880 1939 915 quae
1966 866 2019 902 in-

1259 918 1435 953 tercessere
1477 927 1572 953 inter
1612 917 1817 954 Conradum
1863 917 2018 954 Salicum

1262 970 1509 1016 Imperatorem
1525 995 1535 1013 ,
1563 968 1602 1003 in
1626 969 1713 1004 villa
1733 967 1935 1013 Gnehelinga
1961 975 2021 1003 aut

1261 1017 1507 1066 progenitum,
1546 1027 1604 1053 aut
1634 1018 1841 1062 dominum,
1878 1017 2020 1066 ejusque

1260 1068 1407 1114 posteros
1446 1067 1616 1103 masculos
1655 1068 1830 1104 Henricos
1869 1069 2018 1114 Impera-

1211 1139 1214 1141 ·
1259 1129 1378 1163 tores,
1414 1119 1446 1154 &
1488 1117 1703 1154 fridericum
1735 1120 1761 1154 1.
1797 1118 1938 1166 ejusque
1974 1116 2019 1153 li-

1204 1167 1216 1194 f
1261 1170 1358 1205 beros
1396 1183 1455 1217 per
1482 1168 1648 1204 feminam
1677 1169 1720 1204 ab
1748 1169 1822 1217 ipso
1850 1168 2019 1204 Conrado

1260 1219 1498 1256 descendentes
1524 1233 1567 1255 ex
1596 1232 1664 1255 una
1692 1229 1812 1268 parte3
1839 1220 1870 1254 &
1898 1232 1941 1254 ex
1969 1220 2019 1254 al-

1260 1281 1331 1306 tera
1361 1271 1489 1305 lmeam
1528 1271 1626 1305 illam
1655 1269 1796 1304 Estenfis
1826 1269 2021 1309 Familiae,

1259 1335 1346 1366 quae
1385 1321 1529 1356 Saeculo
1566 1319 1700 1355 Christi
1740 1318 1938 1354 Undecimo
1980 1319 2020 1354 in

1260 1371 1485 1406 Germaniam
1531 1382 1590 1415 per
1628 1373 1839 1413 Guelphonem
1880 1369 2023 1404 Azonis

1260 1419 1378 1468 magni
1427 1418 1649 1455 Marchionis
1696 1418 1850 1454 Atestini
1903 1418 2021 1454 filium

1259 1471 1448 1512 translata,
1469 1474 1632 1514 Guelphae
1656 1469 1813 1515 inclytae
1837 1468 1926 1504 olim
1955 1472 2020 1505 Fa·-

1260 1522 1381 1557 miliae
1409 1520 1500 1556 fabia
1526 1521 1623 1557 heres
1641 1547 1651 1563 ‚
1689 1520 1886 1556 Ducatibus
1914 1520 2024 1555 Bava-

1260 1572 1331 1608 riae
1357 1573 1388 1607 8<
1421 1573 1590 1607 Saxoniae
1621 1570 1678 1607 diu
1716 1569 1886 1619 praefuit.
1922 1572 2022 1606 Haec

1260 1632 1374 1658 autem
1405 1621 1556 1658 Familia
1575 1649 1586 1664 ‚
1612 1635 1700 1670 quae
1736 1620 1896 1669 antiquis
1932 1630 2022 1657 tem-

1261 1674 1403 1718 poribus
1434 1672 1679 1709 celeberrimos
1708 1673 1823 1708 Duces
1859 1671 2025 1720 peperit,

1262 1723 1299 1759 ἃ.
1328 1736 1422 1759 nunc
1450 1723 1606 1761 vividior
1636 1723 1742 1768 quam
1780 1730 1881 1757 antea
1917 1720 2024 1756 floret

1263 1774 1299 1809 in
1342 1773 1584 1822 potentissimo
1627 1785 1772 1820 magnae
1817 1772 2023 1807 Britanniae

1265 1827 1355 1872 Rege
1377 1824 1533 1872 Georgio
1557 1825 1599 1858 11.
1621 1821 1655 1858 ἃ
1686 1824 1722 1858 in
1748 1822 1882 1868 reliqua
1912 1824 2023 1857 Brun-

1263 1873 1464 1911 svicenfium
1494 1876 1629 1909 Ducum
1656 1872 1693 1909 ἃ
1722 1874 1947 1920 Principum,
1975 1870 2022 1908 sa·

1263 1929 1309 1962 cri
1337 1925 1442 1961 etiam
1470 1924 1622 1960 Romani
1650 1923 1791 1971 Imperii
1818 1922 2023 1958 Elefflorum

1263 1976 1450 2024 prosapia,
1491 1979 1705 2020 Guelphonmn
1747 1973 1890 2008 nomine
1931 1974 2020 2008 olim

1263 2037 1480 2075 propagato,
1517 2024 1729 2061 occafionem
1770 2023 1928 2070 praebuit
1966 2023 2023 2058 ad—

1233 2079 1236 2093 *
1262 2077 1484 2113 haerentibus
1513 2076 1598 2116 fibi,
1625 2085 1664 2111 ut
1691 2079 1845 2119 Guelphos
1875 2073 1941 2109 sese
1968 2086 2025 2121 ap-

1263 2129 1456 2177 pellarent,
1485 2137 1546 2163 aur
1571 2127 1613 2162 ab
1637 2125 1719 2161 aliis
1744 2125 2023 2172 appellarentur,

1264 2192 1370 2226 quum
1397 2187 1519 2213 contra
1544 2176 1725 2212 friderico
1752 2177 1777 2209 1.
1802 2173 1940 2221 ejusque
1965 2173 2024 2208 de-

1265 2229 1504 2265 scendentibus
1522 2227 1674 2262 faventes
1688 2253 1697 2265 ,
1710 2227 1943 2259 szellinormn
1962 2236 2024 2259 no-

1265 2279 1477 2315 menclatura
1506 2275 1818 2324 distinguerentur.
1845 2274 1907 2310 Sed
1937 2287 2025 2321 quo-

1264 2330 1358 2366 niam
1378 2333 1578 2373 H‘elphotmm
1600 2336 1755 2362 veterum
1778 2324 1934 2373 prosapia
1957 2324 2025 2360 mi-

1264 2380 1300 2416 hi
1339 2389 1561 2417 memorata,
1599 2377 1635 2413 in
1675 2390 1777 2425 quam
1815 2375 1916 2412 insita
1954 2374 2024 2416 fuit

1266 2430 1514 2469 Marchic-num
1545 2427 1732 2464 Efienfium
1766 2427 1879 2474 proles
1914 2426 2026 2465 adhuc

1266 2481 1537 2528 splendidissima
1568 2480 1604 2516 ἃ
1645 2478 1907 2525 potentissima,
1945 2491 2026 2524 pau-

1233 2528 1302 2570 {ca
1340 2532 1524 2582 adjungere
1563 2532 1641 2570 heic
1677 2530 1812 2568 liceat.
1851 2531 2023 2572 Postrema

1875 2584 1971 2620 Wei-
