2248 3136
460 230 538 276 167

764 224 1452 288 ANT1QU1‘13MED11
1487 227 1672 269 ΑΕΗ

1895 230 1974 272 168

395 292 415 314 a
433 279 594 326 ¹1‘24.2g1'7·e‚
621 283 672 316 che
700 283 883 328 alfhdire.
912 286 941 318 Ε
967 286 1066 332 51),st
1088 295 1156 320 tro·
1199 282 1232 316 A
1273 283 1431 331 Scriptor
1459 281 1549 318 mihi
1575 296 1685 331 nuper
1711 292 1945 325 memoratus,
1966 284 2032 321 eir-

394 330 456 373 vb,
482 330 528 367 ch'
540 333 595 366 elli
622 344 681 366 era
698 334 782 377 stato
808 337 983 371 Cavaliere
1005 347 1064 381 per
1088 349 1155 370 ma-

395 393 433 415 no
458 383 494 416 di
521 382 639 427 Meffer
676 387 842 420 Galeazzo
876 386 1017 432 thfironti
1053 391 1156 432 padre
1182 395 1188 401 ·

395 433 449 466 del
474 436 562 468 detto
590 436 702 478 Azzo,
735 448 751 469 e
777 436 863 482 stato
892 441 1096 483 lang-amente
1123 442 1158 473 al

386 480 446 529 fico
467 484 572 531 soldo-
600 485 689 521 Sunt
714 486 747 521 ἃ
777 486 846 523 alia
865 488 1017 534 ejusdem
1047 490 1154 525 moris

396 535 578 581 exempla.
608 535 664 571 Ad
692 535 775 572 haec
799 550 909 574 novus
938 540 1067 582 Miles,
1095 549 1155 575 aut

397 583 536 621 dilertis
565 585 678 622 verbis
716 587 936 635 jurejurando
973 589 1039 626 sese
1064 591 1155 626 obli-

396 636 528 681 gabat,
564 645 625 672 aut
666 638 771 673 etiam
811 647 927 675 tacens
964 654 982 676 a
1018 642 1075 690 leg
1094 643 1155 677 bus

398 686 545 722 Ordinis
574 687 748 723 leitaris
783 690 1006 736 obligabatur
1032 695 1079 726 ad
1101 695 1154 727 de-

389 738 573 785 fendendas
598 737 715 783 sbrnper
742 742 906 780 Domnos,
942 744 1156 777 Do⁷nnicellas

344 832 347 833 ⁷
397 787 507 835 (idest
542 791 571 821 le
608 793 744 826 Donne.
770 802 787 823 e
814 794 844 824 le
874 796 1052 832 Donzelſtr,
1089 793 1156 830 five

398 838 563 874 mulieres
591 837 627 875 &
658 838 836 889 virgines)
859 846 1018 888 pupillos,
1043 849 1155 890 orpha-

399 902 453 924 ms
472 915 482 933 ,
523 887 558 922 (θ’
585 888 664 924 bona
701 892 908 932 Ecclefiarum
943 906 1054 930 contra
1089 897 1158 930 vim

401 939 438 974 (y
461 941 642 985 parentiam
668 941 809 987 injtstam
834 948 1032 986 potentium,
1054 947 1158 992 juxta

390 989 489 1038 suum
509 992 609 1035 pessi·-
641 993 907 1030 Romanenfium
930 998 1159 1042 Fabulam,

400 1041 440 1079 ἃ
471 1044 675 1078 Ροὲηῑειτυηι
704 1043 900 1087 Αυξὶονεε,
936 1046 974 1084 ἃ
1014 1046 1156 1096 praeser-

399 1094 471 1129 tim
499 1106 542 1129 ex
570 1092 691 1128 nostris
719 1093 887 1142 Bojardus
914 1097 951 1134 &
976 1098 1160 1141 Areostus,

400 1157 484 1192 prae
509 1143 624 1179 oculis
653 1143 740 1179 hanc
769 1146 879 1193 legem
908 1152 1075 1196 perpetuo
1102 1149 1160 1185 ha-

401 1195 551 1237 bentes,
578 1194 720 1229 uberem
758 1194 838 1232 illic
876 1196 1024 1247 segetem
1062 1200 1159 1235 inve-

400 1258 483 1281 nere
510 1244 552 1280 ad
579 1243 775 1293 effingenda
802 1249 939 1297 egregia
967 1249 1058 1285 faaa
1085 1249 1159 1286 suo-

399 1309 478 1332 rum
506 1295 672 1330 Militum
701 1295 953 1335 conflatorum.
991 1303 1100 1335 Erant
1126 1301 1158 1335 δε

399 1346 471 1382 alia
498 1344 636 1380 honesta
663 1354 724 1381 aut
758 1347 816 1394 pia
842 1361 947 1386 onera
976 1350 1160 1387 Militibus

400 1396 495 1433 hisce
512 1394 674 1443 impofita
689 1423 697 1438 ,
719 1409 807 1443 quae
828 1410 1024 1447 praetereo.
1054 1415 1159 1437 unum

338 1483 340 1486 ,
400 1446 647 1483 tantummodo
675 1458 955 1489 memoraturus,
991 1451 1161 1487 videlicet

401 1497 603 1534 studendum
631 1495 730 1532 fuiss‘e
758 1499 877 1536 Militi
910 1500 1041 1536 summa
1079 1500 1158 1537 soli-

401 1546 583 1590 citudine,
606 1559 648 1582 ne
669 1547 753 1595 quid
774 1557 897 1599 turpe,
918 1550 1135 1587 inhonestum
1150 1579 1160 1593 ,

401 1608 462 1636 aut
508 1596 673 1645 injustum
716 1611 869 1648 unquam
914 1611 1160 1652 perpetraret;

403 1662 553 1698 eumque
580 1648 634 1707 ab·
655 1647 719 1685 isto
755 1651 931 1700 proposito
969 1666 1080 1700 neque
1115 1653 1159 1688 ti-

403 1714 501 1738 more
528 1709 675 1743 mortis,
704 1713 818 1746 neque
844 1703 992 1738 carceris
1029 1704 1157 1738 incorn

403 1752 532 1794 modo,
560 1749 731 1798 passurum
761 1749 794 1786 se
820 1752 1018 1789 dimoveri.
1055 1752 1162 1798 Quod

402 1802 425 1838 fi
454 1802 533 1850 quis
561 1813 599 1835 ea
628 1801 809 1848 patrabat,
847 1817 937 1850 quae
962 1804 1004 1839 ab
1031 1803 1161 1838 honore

403 1853 506 1902 probi
534 1850 671 1887 Militis
699 1852 813 1889 aliena
842 1854 993 1890 nimium
1020 1852 1136 1889 forent
1154 1880 1162 1894 .

403 1902 702 1940 exauctorationis
730 1915 841 1951 poena
867 1905 900 1941 ei
929 1904 1162 1948 imminebat,

402 1954 470 1991 hoe
497 1953 543 1989 est
579 1966 641 2002 per
676 1955 857 2001 publicum
895 1955 1163 2003 Magistratum,

404 2005 459 2042 uti
486 2005 602 2041 dicere
639 2003 918 2050 consueverunt,
956 2006 1163 2055 degradaba-

405 2064 490 2098 πυτ,
527 2055 716 2099 amputatis
752 2057 785 2092 ei
822 2059 863 2094 ad
899 2059 989 2093 talos
1021 2056 1162 2092 calcari-

405 2107 498 2154 bus3
534 2118 577 2141 ex
614 2106 681 2142 hoc
715 2108 811 2144 enim
849 2108 977 2156 infigni
1014 2107 1164 2144 Nobiles

406 2168 497 2204 equo
524 2155 729 2199 infidentes,
757 2159 820 2207 qui
847 2159 1008 2195 Militiae
1032 2158 1163 2193 honore

405 2206 609 2244 fruebantur
634 2233 644 2250 ‚
687 2207 846 2255 dignosci
897 2210 992 2245 inter
1032 2216 1163 2244 ceteros

407 2257 679 2294 consueverunt.
709 2262 818 2294 Securi
847 2263 891 2294 ad
914 2262 998 2295 talos·>
1024 2259 1088 2304 ejus
1110 2272 1160 2292 ea-

407 2313 477 2345 dem
517 2311 767 2353 amputabantur
808 2312 962 2344 Calcaria
991 2337 1002 2351 ,
1045 2308 1164 2356 inquit

409 2359 568 2396 Thomas
593 2357 845 2408 Walfingamus
881 2363 916 2395 in
954 2360 1084 2396 Histor.
1123 2359 1164 2394 de

409 2411 495 2446 Reb.
532 2409 721 2458 Anglicis.
758 2412 816 2446 An
854 2410 915 2446 ista
953 2409 1165 2446 consuetudo

405 2460 445 2497 in
477 2459 580 2496 Italia
617 2473 758 2508 quoque
795 2461 975 2510 viguerit,
1013 2460 1164 2496 nondum

405 2510 643 2558 deprehendi.
669 2514 801 2548 Verum
830 2525 874 2548 ne
900 2512 982 2558 quid
1010 2510 1163 2546 distimu-

1183 340 1187 374 Ι

1273 332 1360 368 citer
1396 335 1541 369 Annum
1579 333 1648 369 Ch.
1691 344 1825 381 1390,
1861 348 1933 381 quo
1968 335 2031 372 ille

1275 381 1419 420 florebat
1436 411 1447 429 ‚
1474 383 1635 420 Militiae
1663 383 1764 432 hujus
1792 385 1961 425 honorem
1989 386 2030 422 in

1275 433 1444 481 abjectam
1485 435 1631 470 omnino
1668 434 1910 472 conditionem
1952 450 2031 484 pro-

1275 484 1400 525 ruiffe,
1426 497 1534 533 quum
1564 486 1716 521 homines
1752 487 1849 522 nulia
1888 487 2031 523 Nobili-

1276 534 1381 578 tatis,
1408 546 1468 571 aut
1498 535 1755 580 Fortitudinis,
1793 545 1854 571 aut
1891 548 2031 573 morum

1277 586 1516 633 praerogativa
1543 585 1721 633 infigniti,
1747 586 1861 622 immo
1888 587 1970 622 vilis
1991 586 2031 624 &

1277 636 1536 670 contaminatae
1557 635 1673 679 vitae,
1700 636 1742 671 ad
1767 637 1937 674 honorem
1956 637 2030 674 Mi-

1276 685 1378 721 litiae
1407 694 1715 733 promoverentur.

1327 737 1433 780 Quod
1461 745 1577 771 tamen
1611 734 1868 773 animadvertas
1894 737 2000 774 velim
2017 764 2031 782 0

1276 799 1318 822 ex
1346 786 1407 822 ista
1435 786 1598 823 Militum
1635 786 1806 823 nobilium
1846 788 2033 823 institutio,

1275 849 1318 872 ne
1359 837 1561 885 prodierunt
1602 836 1719 873 senfim
1760 837 1846 874 sacri
1882 838 2032 876 Ordines

1275 886 1482 933 Militares,
1518 887 1779 925 celebratiffimi
1814 888 1854 924 in
1884 888 2033 925 Oriente

1275 942 1304 972 &
1333 939 1547 978 Occidente,
1577 952 1702 988 nempe
1734 941 1940 984 Templarii‚
1971 938 2030 974 sub

1273 987 1462 1024 Clemente
1483 991 1529 1023 V.
1558 990 1650 1036 Papa
1675 989 1802 1033 excifi,
1830 994 1861 1023 &
1888 988 2032 1036 infignis

1273 1040 1371 1075 Ordo
1397 1051 1516 1075 eorum
1534 1064 1545 1082 ,
1572 1038 1635 1085 qui
1663 1039 1752 1074 olim
1781 1037 2035 1085 Hospitalarii,

1273 1103 1365 1126 nunc
1387 1090 1536 1135 Equites
1559 1088 1765 1125 Melitenses
1789 1089 2035 1137 appellantur,

1272 1145 1303 1175 ὅ(
1325 1143 1460 1176 Milites
1481 1140 1678 1180 Teutonici,
1698 1139 1762 1186 qui
1783 1139 1814 1174 se
1836 1149 1920 1174 voto
1941 1139 2033 1175 mul-

1272 1192 1317 1227 tis
1345 1190 1561 1227 Christianae
1598 1189 1741 1231 pietatis
1779 1189 1913 1238 legibus
1939 1188 2035 1225 obli-

1273 1251 1420 1290 garunt.
1454 1242 1551 1277 Tum
1583 1243 1726 1275 Fratres
1761 1242 1897 1275 Ordinis
1935 1241 2034 1276 Mili-

1273 1297 1346 1327 tiae
1387 1295 1508 1325 Reum?
1550 1294 1685 1324 Mariae
1726 1292 1905 1335 Virginis,
1946 1302 2033 1337 quos

1278 1346 1419 1381 Fratr‘s
1444 1343 1633 1376 Gaudentes
1661 1339 1770 1387 postea
1797 1341 1919 1388 vulgus
1947 1352 2036 1375 nun-

1273 1393 1441 1443 cupavit.
1477 1390 1642 1428 Postremi
1671 1390 1725 1425 isti
1758 1389 1851 1426 fuere
1881 1389 2036 1426 instituti

1273 1456 1292 1479 a
1331 1444 1464 1478 duobus
1505 1440 1684 1476 nobilibus
1726 1439 1876 1475 Civibus
1921 1441 2036 1475 Bono-

1273 1492 1471 1531 nienfibus,
1503 1492 1546 1526 ab
1573 1503 1643 1526 uno
1673 1489 1852 1538 Regienfi,
1883 1499 1987 1536 atque
2014 1502 2035 1526 a

1274 1547 1440 1589 Raynerio
1475 1545 1513 1577 de
1544 1542 1720 1576 Adelardis
1748 1542 1833 1576 Cive
1862 1541 2036 1575 Mutinen-

1269 1597 1298 1640 [ἱ
1310 1622 1320 1639 ,
1351 1596 1393 1629 Θ
1421 1595 1502 1628 aliis
1532 1590 1776 1638 quampluribus
1802 1594 1840 1626 de
1867 1591 2036 1627 Civitati-

1204 1638 1236 1672 ὓ
1274 1644 1332 1679 bus
1368 1647 1547 1680 eorumdem
1578 1646 1686 1678 Anno
1714 1643 1927 1678 ·MCCLXI.
1963 1653 2037 1677 nou

1277 1698 1359 1730 vero
1392 1691 1618 1729 MCCLxu.
1655 1701 1695 1727 ut
1721 1692 1931 1736 justinianus
1958 1705 2038 1728 cen-

1278 1745 1366 1781 suit.
1393 1743 1595 1779 Institutum
1618 1751 1734 1778 autem
1760 1755 1880 1778 eorum
1905 1743 1948 1778 ab
1969 1744 2038 1779 Ur,-

1279 1796 1369 1831 bano
1402 1796 1465 1830 lv.
1502 1794 1596 1839 Papa
1633 1793 1840 1841 probatum,
1877 1796 1910 1827 &
1944 1793 2040 1841 leges

1279 1846 1326 1882 iis
1359 1843 1618 1892 praescriptas.
1658 1856 1695 1878 ac
1734 1841 1949 1891 potiffimum
1987 1841 2038 1877 fa-

1280 1896 1448 1932 cultatem
1482 1894 1700 1937 conceffam,
1735 1893 1795 1929 cui
1829 1893 1956 1929 melius
1985 1893 2038 1929 vi—

1280 1947 1439 1990 deretur,
1469 1945 1621 1981 ducendi
1656 1953 1716 1981 aut
1745 1943 1922 1980 retinendi
1951 1956 2042 1979 uxo-

1281 2010 1373 2043 rem,
1404 2005 1509 2044 atque
1543 1995 1628 2031 alias
1656 1994 1936 2031 Constitutiones
1966 1993 2039 2030 edi—

1282 2057 1333 2085 tas
1369 2050 1477 2084 Anno
1512 2047 1864 2083 MCCLxxxvm.
1904 2045 1944 2080 in
1982 2057 2040 2080 eo-

1250 2099 1251 2103 ’
1282 2112 1358 2136 rum
1386 2097 1557 2146 Capitulo
1594 2096 1746 2145 generali
1785 2096 1942 2143 legebam
1974 2108 2043 2143 ego

1282 2151 1370 2186 olim
1408 2149 1446 2184 in
1483 2148 1590 2184 MSto
1627 2146 1760 2183 Codice
1798 2148 1826 2182 Β
1845 2145 2041 2183 bliothecae

1284 2198 1552 2236 Ambrofianae.
1581 2199 1683 2234 Bulla
1710 2200 1792 2233 verb
1819 2195 1983 2240 Urbani,
2007 2201 2039 2232 δι

1283 2254 1395 2300 Leges
1441 2250 1574 2298 primae
1617 2249 1799 2295 evulgatae
1843 2246 1986 2282 fuerunt
2020 2261 2039 2285 a

1283 2299 1531 2338 Ghirardaccio
1570 2297 1608 2334 in
1647 2298 1766 2333 Indice
1803 2297 1845 2332 ad
1880 2299 2038 2334 Tamum

1284 2352 1435 2400 primum
1474 2347 1648 2385 Historiae
1676 2347 1921 2384 Bononienfis.
1957 2349 2039 2385 Suc-

1283 2402 1407 2439 cess'ere
1432 2400 1559 2437 deinde
1585 2398 1731 2436 Ordines
1759 2398 1822 2434 alii
1851 2398 2040 2444 Militum,

1283 2452 1428 2490 honoris
1463 2450 1647 2498 praecipue
1679 2449 1793 2486 caussa
1830 2463 1848 2485 a
1886 2450 2039 2499 Regibus

1284 2518 1322 2541 ac
1350 2502 1574 2549 Principibus
1600 2500 1771 2538 instituti,
1797 2510 1835 2536 ut
1863 2500 2039 2540 Gan-terii,

406 2562 499 2607 lem,
526 2561 648 2598 auster
673 2562 718 2598 est
754 2565 906 2600 Francus
932 2561 1162 2607 Saechettua,
1188 2560 1202 2596 l
1251 2554 1402 2595 lSanffl
1443 2552 1632 2595 Michaelis
1652 2575 1665 2595 ι
1707 2552 1859 2590 Veneris
1902 2550 2038 2596 Aurei,

1883 2600 1991 2642 Cala-
