2248 3136
236 257 315 299 731
483 242 581 281 EX
619 242 996 295 JORDANI
1044 241 1492 283 CHRONICO.
1664 260 1748 300 732

178 300 341 336 rialium.
378 299 464 334 Erat
500 298 594 333 enim
628 298 727 346 pellis
758 297 860 346 ipsius
892 302 940 347 pi-
975 306 1010 341 A
1049 306 1102 332 tra
1131 299 1288 346 Regem,
1315 298 1510 335 interfeEiis
1537 301 1659 337 multis
1687 305 1811 341 Gallo-

179 350 250 386 losa
269 378 279 394 ‚
317 349 417 398 pedes
449 349 565 386 breves
584 373 593 385 ‚
622 348 731 383 cauda
768 348 909 384 leonina
927 377 938 394 ‚

180 404 210 434 &
239 411 341 448 caput
379 401 499 448 super,
538 402 568 431 &
607 412 732 442 aures,
762 400 796 434 δι
833 413 872 435 os
900 399 936 436 &

178 450 269 487 infra
306 452 424 486 dentes
460 448 618 497 linguam
657 449 805 485 habebat
836 450 939 486 instar

178 502 310 538 leonis.
341 499 564 536 Referebatur
587 512 751 545 quoque.
779 501 871 547 quod
899 502 937 537 in

178 552 340 602 captione
365 549 523 599 plani-,ius
547 549 734 587 horribiles
754 550 936 588 emiserat.

176 655 348 692 Particula
371 655 444 687 VII.
467 654 506 686 de
529 655 607 687 bello
630 655 849 687 Tartarorum
869 665 937 688 rum

287 705 455 738 Saracenis
484 704 524 737 &¹
555 709 674 748 Regum
701 705 835 739 Siciliae

419 754 465 792 ύ-
494 755 700 799 Aragoniae.

256 855 366 892 Odem
404 869 496 892 anno
522 855 666 892 Tartari
701 855 936 893 discurrerunt

282 908 386 954 usque
423 906 643 944 Calamelam
681 908 712 942 8<
745 908 934 955 Alapiam,

178 961 356 994 caedentes
375 970 496 993 omnes
522 960 706 994 Saracenos
730 958 872 993 obviarn
894 957 931 993 fi-

177 1009 212 1044 bi
242 1008 372 1045 faf’tos.
400 1010 566 1044 Soldanus
592 1020 705 1045 autem
733 1009 934 1045 Babxloniae

175 1072 254 1095 cum
277 1069 418 1096 centum
444 1059 603 1096 millibus
626 1060 804 1108 equitibus
828 1064 858 1094 &
880 1070 932 1095 to-

176 1110 285 1146 tidem
316 1110 486 1157 peditibus
513 1112 668 1147 occurrit
694 1111 766 1153 eis,
793 1112 824 1146 &
855 1123 932 1146 con-

177 1170 346 1197 venerunt
383 1164 417 1197 in
455 1162 611 1210 partibus
638 1161 868 1209 Calamelae3
897 1161 931 1197 ἂ

174 1211 211 1246 in
248 1221 379 1258 partem
419 1224 522 1246 unam
560 1213 662 1245 irruit
701 1212 775 1244 Rex
812 1214 931 1246 Arme-

173 1260 274 1305 niae,
302 1260 337 1297 &
369 1274 428 1310 per
454 1270 522 1296 tres
550 1261 662 1296 leucas
691 1273 765 1295 earn
796 1259 933 1310 fugavit

174 1311 279 1358 usque
305 1312 554 1359 Calamelam3
591 1312 625 1345 &
663 1320 794 1356 partem
828 1313 931 1348 aliam

174 1361 315 1397 Tartari
353 1362 642 1406 debellaverunt,
683 1360 720 1397 ὅ(
766 1375 826 1409 per
864 1372 931 1399 tres

174 1412 304 1448 diaetas
331 1412 504 1448 caedendo
527 1412 702 1460 insequuti
730 1413 838 1460 usque
865 1413 923 1450 (Ξί-

175 1463 319 1499 vitatem
347 1465 438 1499 Tara
460 1464 525 1500 διε.
559 1466 613 1499 Ad
641 1463 839 1500 i1·stantiam
870 1467 931 1500 Re—

174 1514 224 1562 gis
250 1514 372 1550 Caroli
402 1516 489 1562 Papa
519 1516 763 1564 palaeologum
790 1529 922 1551 excom-

173 1565 389 1600 municatum
413 1567 612 1601 oenuntiari
637 1566 753 1612 jabet,
774 1567 854 1614 quia
879 1567 913 1615 ju

174 1623 232 1650 xta
263 1616 462 1662 promissum
482 1639 492 1654 ,
525 1618 557 1655 &
587 1619 783 1664 sequentem
815 1631 910 1665 requ¹

173 1664 354 1702 fitionem,
379 1678 457 1700 cum
487 1664 544 1700 sua
571 1678 673 1713 gente
701 1669 741 1702 ad
766 1669 912 1705 obedien

171 1717 255 1749 tiam
287 1716 464 1750 Romanae
490 1717 619 1751 Curiae
656 1729 725 1751 non
763 1729 929 1754 venerat.

172 1766 225 1800 Ex
265 1778 334 1813 quo
371 1777 441 1799 non
483 1778 586 1809 parva
621 1766 844 1803 incommoda
880 1768 914 1804 se

171 1826 280 1863 quuta
309 1817 406 1850 sunt.
437 1816 556 1850 Primo
583 1828 732 1863 namque
760 1818 929 1854 trae'iatur

172 1866 378 1914 compositio
408 1865 498 1901 inter
523 1866 791 1914 palaeologum,
811 1869 844 1903 8<
868 1871 926 1905 Pe-

170 1925 262 1952 trum
304 1920 431 1966 Regem
462 1919 688 1965 Aragonum,
718 1917 779 1965 qui
817 1917 925 1955 filiam

173 1966 349 2004 Manfredi
387 1967 536 2003 habebat
568 1980 739 2012 uxorem,
768 1979 925 2005 vocatam

170 2017 434 2054 Constantiam.
462 2018 674 2054 Mediatores
695 2027 808 2055 autern
832 2033 909 2056 com

170 2068 349 2117 positionis
387 2069 525 2105 fuerunt
553 2070 760 2105 Benediffius
787 2071 828 2106 de
863 2073 925 2107 Za—

170 2120 286 2155 <haria
313 2119 509 2164 Jmuenfis,
539 2124 567 2153 &
599 2121 772 2156 Dominus
799 2123 925 2165 Johan-

167 2184 225 2207 nes
265 2171 306 2206 de
345 2171 520 2215 Procida,
557 2171 619 2218 qui
656 2170 724 2206 fuit
760 2185 848 2208 unus
884 2173 925 2209 de

166 2221 418 2270 principalibus
460 2222 498 2257 in
540 2220 725 2257 auferendo
765 2225 920 2272 Regnum

168 2274 254 2323 Regi
283 2272 442 2309 Carolo.
479 2274 573 2308 Dum
602 2286 683 2308 vero
720 2284 857 2322 paratur
890 2289 918 2310 e—

168 2324 340 2367 xercitus,
380 2325 469 2371 Papa
506 2323 624 2359 scribit
661 2324 702 2359 ad
741 2324 919 2374 suggestio-

165 2388 242 2411 nem
275 2374 378 2423 Regis
409 2374 531 2411 Caroli
570 2374 657 2423 Regi
686 2376 889 2424 Aragonum
911 2405 920 2422 ‚

165 2438 331 2472 quaerens
368 2438 429 2461 cur
463 2434 560 2474 paret
595 2426 815 2462 exercitum.
856 2429 919 2463 Re>

167 2474 306 2524 spondit
332 2476 421 2516 ille,
449 2477 604 2525 linguam
635 2476 696 2512 fibi
726 2486 919 2525 amputatu-

164 2540 240 2562 rum
256 2555 265 2570 ‚
287 2526 307 2562 sl
335 2526 499 2564 secretum
522 2526 735 2563 manifestare
762 2539 918 2576 putaret.

161 2578 294 2614 Eodem
318 2590 410 2614 anno
431 2578 542 2616 Siculi
561 2579 817 2617 rebellaverunt
836 2592 916 2618 con-

972 1214 1003 1250 Γ)

984 1683 998 1700 „-
1041 1668 1094 1701 dit
1135 1666 1354 1705 Messanam.

1049 361 1148 389 rum,
1173 349 1235 396 qui
1259 359 1358 384 erant
1382 349 1419 385 in
1448 349 1582 387 Insula.
1611 351 1652 388 In
1680 354 1810 390 Panor-

1050 411 1108 434 mo
1144 400 1238 435 enim
1267 399 1424 436 succensa
1451 400 1496 436 est
1532 402 1644 450 prima
1675 403 1810 453 stupen-

1048 450 1090 484 da
1117 451 1250 486 rabies.
1281 452 1428 496 Propter
1454 452 1682 490 enormitates
1709 455 1806 493 enim

1048 500 1256 545 Gallorum,
1287 502 1431 538 cunaos
1466 503 1559 539 inibi
1586 516 1816 541 commoranw

1048 560 1120 590 tes,
1150 564 1260 588 mares
1288 557 1319 587 &
1347 552 1516 599 feminas,
1547 553 1640 591 senes
1669 560 1698 590 ἃ
1728 569 1807 604 pue—

1046 615 1124 641 ros,
1150 603 1254 638 morti
1280 603 1442 642 tradunt.
1471 607 1518 641 Et
1543 606 1636 653 quod
1661 606 1706 642 est
1734 619 1807 643 ma·-

1046 652 1099 700 gis
1128 652 1334 689 horrendum
1353 682 1363 698 ‚
1392 665 1521 692 ceteras
1549 657 1712 693 mulieres
1740 657 1806 693 im<

1046 708 1248 751 praegnatas
1272 718 1291 741 a
1316 707 1432 742 Gallis
1460 706 1644 752 scindunt,
1668 718 1708 744 ut
1733 707 1806 744 foe·-

1046 763 1101 789 tus
1125 755 1350 792 interimant.
1371 759 1476 794 Tunc
1501 761 1575 794 Rex
1596 760 1804 808 Aragonum

1046 817 1123 839 curn
1162 804 1223 841 suo
1259 807 1403 856 navigio
1440 809 1534 845 vadit
1568 810 1607 846 in
1641 810 1804 846 Africam

1047 855 1160 891 versus
1195 856 1426 906 Hipponem,
1462 873 1550 908 quae
1586 860 1691 896 hodie
1717 865 1808 896 Bona

1046 907 1234 954 vulgariter
1259 910 1472 956 appellatur.
1500 913 1547 947 Et
1574 912 1744 959 applicuit
1770 925 1805 948 a-

1047 958 1112 1003 pud
1157 958 1347 994 Anicolem
1386 962 1521 997 Villam
1564 963 1721 998 nobilem
1764 962 1804 999 in

1048 1007 1244 1048 Numidia,
1279 1011 1312 1044 &
1344 1011 1479 1058 aliquas
1514 1014 1671 1060 regiones
1701 1013 1805 1049 vasta-

1047 1057 1122 1093 vit.
1159 1058 1244 1094 Inde
1281 1060 1402 1096 transit
1436 1062 1475 1096 in
1511 1062 1736 1107 Sardiniam,
1764 1062 1803 1100 ἃ

1047 1121 1151 1156 prope
1185 1109 1340 1146 Castrum
1377 1113 1483 1157 Castro
1517 1112 1699 1161 applicat,
1735 1113 1804 1149 ibi-

1045 1171 1111 1205 que
1137 1157 1194 1195 sua
1230 1161 1373 1209 navigia
1400 1161 1587 1202 restaurat,
1623 1161 1660 1199 &
1690 1163 1806 1199 neces-

1045 1210 1130 1244 saria
1158 1220 1280 1258 parat.
1319 1214 1392 1247 Rex
1422 1226 1562 1261 quoque
1590 1212 1742 1250 Carolus
1769 1228 1805 1250 e-

1043 1261 1216 1296 xercitum
1249 1275 1412 1311 magnum
1453 1273 1549 1312 parat
1578 1266 1805 1313 Apulorum,

1049 1310 1316 1348 provincialium
1329 1338 1339 1353 ‚
1353 1315 1539 1350 Gallorum
1553 1342 1563 1360 ‚
1580 1315 1806 1357 Italicorum,

1043 1361 1079 1397 &
1103 1375 1180 1397 cum
1203 1362 1279 1409 ipso
1303 1364 1340 1400 in
1364 1365 1523 1402 Siciliam
1545 1366 1686 1402 transit.
1711 1365 1806 1402 Mes-

1044 1412 1157 1448 sanam
1189 1413 1345 1459 obsidet,
1373 1429 1477 1463 quam
1515 1430 1636 1464 capere
1671 1416 1804 1466 potuis-

1044 1463 1112 1506 set,
1141 1463 1196 1499 sed
1224 1465 1342 1501 omifit
1368 1468 1493 1503 timens
1518 1469 1650 1504 Terrae
1676 1468 1804 1504 destru-

1043 1513 1218 1556 ἃίοιιεῐῃ,
1255 1515 1277 1551 fi
1307 1517 1478 1554 violentia
1508 1528 1710 1565 caperetur.
1746 1521 1804 1555 In-

1043 1565 1146 1600 terim
1186 1569 1259 1602 Rex
1297 1570 1502 1617 Aragonum
1543 1570 1707 1606 Panormi
1743 1583 1802 1618 ap-

1044 1615 1192 1663 plicuit,
1221 1619 1252 1652 &
1282 1618 1364 1655 inde
1390 1633 1468 1656 cum
1498 1619 1556 1656 sua
1585 1621 1717 1657 militia
1744 1633 1804 1656 va-

1396 1671 1502 1716 Quod
1543 1672 1686 1708 audiens
1726 1673 1802 1708 Rex

1040 1715 1190 1754 Carolus
1221 1720 1262 1755 ab
1298 1719 1477 1758 obsidione
1510 1723 1668 1758 recedit.
1705 1721 1801 1758 Insu-

1041 1780 1098 1813 per
1125 1767 1161 1804 ἃ
1191 1770 1232 1805 de
1267 1771 1389 1807 Sicilia
1424 1773 1462 1808 in
1490 1772 1690 1809 Calabriam
1718 1785 1799 1808 cum

1040 1826 1117 1851 toto
1145 1823 1299 1854 exercitu
1327 1821 1472 1862 transit,
1508 1823 1635 1858 timens
1671 1836 1715 1858 ne
1745 1822 1797 1858 sui

1039 1867 1208 1904 vieiualia
1234 1870 1432 1916 perderent,
1457 1873 1490 1908 8<
1519 1886 1562 1908 ne
1588 1874 1798 1909 rebellarent

1037 1919 1128 1954 aliae
1157 1929 1269 1966 partes
1299 1921 1436 1969 Regni.
1471 1923 1680 1970 Scripsitque
1710 1921 1797 1970 Regi

1039 1971 1271 2018 Aragonum,
1319 1970 1351 2006 se
1391 1971 1579 2009 admirari.
1616 1974 1796 2021 quomodo

1040 2022 1196 2068 Regnum
1223 2020 1318 2056 suum
1342 2021 1537 2059 invaserat.
1562 2022 1635 2060 Cui
1661 2025 1722 2060 ille
1744 2037 1795 2060 re-

1037 2069 1204 2116 spondit,
1240 2073 1377 2108 ratione
1407 2074 1526 2109 uxoris
1563 2073 1658 2111 filiae
1690 2077 1793 2111 Man-

1037 2121 1122 2157 fredi
1148 2121 1189 2157 ad
1219 2120 1250 2158 se
1279 2123 1394 2169 potius
1423 2124 1614 2171 pertinere.
1647 2127 1702 2161 Ad
1730 2127 1792 2161 hu-

1035 2171 1086 2219 jus
1113 2181 1228 2208 autem
1256 2173 1369 2221 litigii
1394 2174 1633 2212 discussionem
1658 2177 1698 2212 ad
1727 2175 1791 2212 sm-

1032 2222 1152 2270 gulare
1172 2231 1341 2260 certamen
1364 2224 1395 2261 se
1415 2227 1564 2262 invicem
1584 2227 1788 2274 requirunt.

1031 2274 1065 2308 δε
1096 2273 1304 2310 vasconiam
1331 2276 1489 2325 eligunt.
1518 2278 1576 2314 ubi
1605 2283 1633 2313 ὁ(
1664 2292 1788 2314 conve-

1032 2323 1116 2360 nisse
1152 2325 1341 2362 dicuntur.
1377 2328 1440 2364 Sed
1474 2330 1547 2365 Rex
1583 2332 1784 2377 Aragonum

1031 2376 1173 2412 occulto
1201 2376 1362 2418 veniens,
1389 2391 1592 2426 comperto,
1616 2379 1704 2425 quod
1734 2379 1786 2416 ibi

1030 2434 1126 2462 tutus
1162 2440 1233 2463 non
1269 2428 1374 2473 esset,
1413 2429 1588 2476 praemissa
1625 2430 1785 2478 protesta-

1030 2477 1127 2513 tione
1163 2478 1321 2515 recesstt.
1360 2480 1438 2515 Alii
1465 2480 1609 2521 dicunt.
1639 2493 1717 2516 eum
1746 2481 1783 2517 in

1030 2528 1182 2565 termino
1209 2542 1398 2578 numquam
1425 2531 1672 2580 comparuisse.

1096 2630 1125 2666 B
1153 2630 1173 2665 b
1201 2629 1222 2665 b
1251 2642 1272 2666 2.
1606 2634 1730 2670 MCC-
