2248 3136
234 246 316 295 755

499 239 598 278 EX
634 237 1006 289 JORDANI
1053 234 1493 275 CHRONJCO.

1671 241 1762 291 756

177 297 316 347 spenso.
352 296 457 332 Tunc
496 295 689 330 Mantellos
730 293 942 343 catabriaro‘s
986 295 1017 328 A
1059 288 1312 326 Ptolemaidem
1351 301 1430 326 cum
1460 289 1608 338 pulchro
1637 293 1759 332 Stolo,
1789 295 1825 331 δι

176 355 426 386 mutaverunt.
465 345 593 384 Eodem
636 344 743 380 etiam
785 355 944 393 tempore

177 397 445 448 Augustinenses
492 395 637 440 permoti
682 395 762 431 sunt
801 396 843 431 ad
884 396 944 430 ha-

177 450 327 487 bendum
354 446 527 495 proprium
556 446 782 493 Magistrum,
808 460 852 482 ex
874 460 943 482 cer—

177 501 213 537 ta
240 500 336 535 cauea
364 499 456 544 prius
481 497 667 541 impediti.
695 498 825 532 Eodem
854 510 945 532 anno

179 554 256 588 Rex
301 549 463 585 Franciae
507 547 701 584 exercitum
747 548 943 583 maximum

179 609 296 651 parat.
325 605 356 634 &
386 599 491 640 ,vadit
529 601 568 634 ad
607 599 846 646 occupandum
883 601 946 634 Re-

178 664 283 701 gnum
318 651 725 699 A1·agonum;‘prop·ter
760 650 853 698 quod
885 652 937 685 Pe—

182 712 254 739 trus
296 704 367 738 Rex
412 702 453 737 de
491 701 612 737 sicil-ia
655 701 692 737 in
731 700 945 748 Aragoniam

181 752 339 789 tranfiit.
384 755 536 802 Legatus
580 763 718 791 autem,
761 752 824 800 qui
866 752 948 787 tunc

182 804 220 840 in
251 804 396 839 Francia
436 813 529 844 erat,
558 802 710 839 Crucem
750 802 949 851 praedicans

184 864 307 890 contra
336 854 575 898 Aragonenses
603 859 630 888 δι
659 853 872 893 Catalanos,
895 866 949 889 ve—

186 906 242 941 nit
289 905 561 944 perpinianum.
605 907 651 940 Et
690 904 771 940 inde
812 904 950 940 favente

187 958 282 1004 Rege
322 956 599 1004 Majoricarum,
636 954 704 991 five
739 969 782 991 ex
820 955 951 990 timore

187 1006 306 1041 damni
336 1006 408 1045 sui.
440 1007 505 1043 five
542 1020 585 1042 ex
614 1019 753 1045 amore4
781 1005 864 1054 quia
893 1018 944 1040 co—

186 1067 312 1106 gnatus
339 1058 412 1105 ejus
437 1068 532 1102 erat,
553 1056 687 1093 transiit
712 1056 858 1092 Montes
885 1058 951 1102 Py-

187 1121 352 1144 renaeos.
381 1109 454 1154 Qui
484 1109 520 1145 in
551 1108 721 1155 Hispania
749 1107 868 1144 Castra
897 1119 949 1141 ca—

187 1158 264 1205 pit,
291 1160 325 1194 &
355 1172 454 1195 unam
484 1160 679 1196 Civitatem
719 1159 814 1194 circa
839 1156 951 1192 diuos

187 1210 334 1244 Montes
362 1223 380 1244 a
409 1219 505 1257 parte
540 1209 753 1245 cataloniae
791 1217 950 1244 vocatam

184 1259 407 1294 Gerundam.
449 1260 603 1295 Volebat
643 1268 758 1294 autem
805 1259 952 1294 ulterius

184 1309 394 1357 procedere,
434 1309 488 1345 sed
526 1319 622 1346 tanta
667 1309 736 1345 fuit
777 1309 952 1359 epidernia

183 1359 225 1396 in
262 1359 440 1403 exercitu,
478 1369 517 1396 ut
558 1360 794 1397 consuleretur
837 1361 952 1410 Regi,

184 1423 231 1447 sie
255 1411 404 1447 omnino
431 1412 521 1447 ultra
545 1413 766 1460 procederet,
791 1411 952 1456 alioquin

186 1462 412 1498 multitudini
452 1476 538 1499 unus
576 1463 723 1500 resistere
761 1464 953 1512 potuisset.

188 1513 370 1558 Quaedam
400 1522 483 1550 tunc
522 1528 597 1559 pars
635 1514 787 1551 militiae
817 1515 952 1552 descen-

187 1563 245 1598 dit
272 1564 306 1599 in
339 1566 479 1601 Vallem*
517 1567 747 1611 cataloniae,
775 1580 862 1615 quae
893 1567 954 1603 ob·-

188 1613 287 1650 vium
323 1613 445 1650 habuit
483 1619 610 1664 Regem
641 1622 847 1667 Aragonum
878 1631 955 1654 cum

189 1663 248 1700 sua
290 1664 448 1701 militia.
490 1667 536 1701 Et
577 1680 683 1712 quum
727 1669 955 1718 pugnaffent,

190 1713 299 1750 multi
328 1714 494 1761 utrinque
530 1717 750 1754 ceciderunt.
789 1721 843 1754 Ibi
870 1734 954 1764 quo>

193 1777 262 1812 que
302 1766 375 1800 Rex
414 1766 632 1813 Aragonum'
657 1770 879 1810 vulneratur,
915 1770 957 1805 de

193 1829 266 1863 quo
294 1816 437 1852 vulnere
466 1817 617 1852 tamdem
647 1822 814 1855 moritur.
844 1823 956 1868 Roge-

190 1867 263 1903 rius
292 1874 408 1902 autem
437 1866 478 1902 de
505 1867 615 1904 Loria
639 1881 717 1904 cum
747 1868 815 1904 suis
838 1870 958 1906 Galeis

192 1917 352 1953 navalem
398 1918 591 1954 exercitum
644 1919 750 1968 Regis
793 1920 959 1957 Franciae

190 1969 284 2004 male
341 1969 548 2005 custoditum
597 1983 703 2017 prope
755 1971 958 2007 Narbonam

193 2018 396 2055 combuffit.
426 2021 529 2055 Tunc
558 2023 633 2056 Rex
662 2021 832 2056 Franciae
866 2021 959 2070 prius

196 2069 356 2105 infirmus
386 2071 536 2106 moritur
571 2072 660 2117 apud
691 2071 958 2120 perpinianum.

196 2120 330 2155 Eodem
358 2134 450 2156 anno
480 2121 594 2157 Pisani
623 2123 654 2157 8<
691 2122 872 2166 januenses
900 2137 958 2172 pu-

195 2181 391 2218 gnaverunt
418 2171 454 2207 in
485 2172 571 2208 mari
602 2173 753 2221 generali
782 2174 959 2214 exercitu,

193 2223 226 2257 8<
257 2221 328 2270 post
367 2235 528 2269 magnam
568 2223 865 2260 concertationem
906 2225 958 2261 Pi-

193 2272 264 2308 sani
295 2272 332 2308 in
361 2273 457 2308 disto
495 2274 574 2309 loco
605 2277 655 2310 La
686 2274 823 2311 Melora
862 2276 959 2324 juxta

195 2324 340 2359 Portum
381 2323 564 2363 Pisanum,
606 2325 667 2361 ubi
706 2327 881 2362 Praelatos
909 2340 959 2362 ce-

198 2382 321 2422 perant
358 2383 514 2423 ternpore
557 2375 750 2415 Friderici,
787 2377 960 2413 debellan-

196 2432 275 2459 tur.
305 2426 435 2461 Fodem
475 2439 566 2462 anno
604 2427 770 2463 soldanus
805 2428 959 2477 Aegypti

201 2473 295 2518 «epit
322 2475 508 2524 Margath.
530 2480 576 2512 Et
599 2477 771 2521 johannes
795 2481 867 2514 Rex
889 2481 959 2525 (Ty-

200 2524 254 2574 pri
280 2526 450 2569 moritur,
477 2528 531 2564 cui
557 2528 710 2564 succeffit
736 2529 839 2566 frater
865 2532 960 2566 Hen-

199 2576 313 2619 ricus,
349 2577 412 2627 qui
447 2580 763 2618 MGCLxxxvl.
795 2580 961 2619 introivit

992 1199 1025 1236 Γ)

1001 2114 1026 2146 (Ἒῖ

1057 344 1339 389 grate-receptus
1366 340 1431 376 est.
1460 341 1523 376 Sed
1551 343 1660 389 Hugo
1696 344 1738 379 de
1767 345 1825 380 Pi-

1058 393 1380 441 licinotpro.Rege
1415 392 1547 427 carolo
1582 393 1636 428 ibi
1662 402 1757 434 erat,
1788 393 1825 431 δί

1058 444 1175 479 tenuit
1202 451 1325 478 contra
1354 444 1483 491 Regem
1507 443 1688 483 Castrum,
1715 445 1748 479 ἃ
1779 443 1827 480 fe-

1058 494 1111 529 cit
1138 493 1270 529 intrare
1305 505 1450 533 omnes,
1477 496 1535 543 qui
1574 503 1672 529 erant
1705 494 1757 531 ibi
1786 494 1826 531 ad

1059 544 1226 593 stipendia
1269 557 1331 592 pro
1375 546 1468 593 Rege
1508 545 1701 588 Francia,
1741 558 1828 591 quo«

1056 609 1133 631 rum
1170 604 1245 631 erat
1280 594 1523 644 Capitaneus,
1552 597 1706 641 exceptis
1745 609 1828 642 pau-

1060 647 1132 691 cis,
1160 646 1219 695 qui
1251 659 1367 682 amore
1398 646 1501 694 Regis
1530 645 1680 682 Henrici
1717 645 1826 683 intra.-

1056 711 1098 733 τε
1124 699 1334 733 noluerunt.
1362 697 1504 733 Obseffo
1532 697 1675 739 Castro,
1704 697 1828 745 quinta

1061 748 1118 784 die
1149 751 1222 784 Rex
1251 748 1428 784 Henricus
1456 747 1611 784 Castrum
1645 747 1828 794 obtinuit,

1061 801 1093 834 &
1125 799 1235 847 postea
1259 799 1349 845 Tyri
1381 802 1454 834 Rex
1487 798 1702 835 Hierusalem
1731 808 1829 835 cor6-

1062 860 1163 886 natus
1191 850 1258 890 est,
1287 850 1488 898 dimisitque
1518 850 1710 886 Dominum
1748 849 1829 886 Phi-

1062 902 1198 948 lippum
1227 903 1268 937 de
1297 901 1457 937 Ubelino
1485 901 1693 938 avunculum
1728 901 1827 948 suurn

1063 953 1226 987 Balivum
1257 952 1521 988 Ptolemaidac.

1115 1005 1223 1039 Anno
1260 1004 1380 1038 eodem
1419 1004 1601 1039 Odoardus
1639 1006 1715 1040 Rex
1754 1005 1827 1040 An<

1063 1053 1154 1102 giiae
1179 1053 1272 1090 fauo
1299 1054 1393 1100 prius
1421 1053 1587 1101 homagio
1611 1055 1698 1102 Regi
1722 1057 1829 1089 Fran-

1064 1105 1137 1140 ciae
1173 1118 1235 1153 pro
1273 1106 1412 1139 Ducatu
1451 1104 1690 1151 Aquitaniae,
1718 1103 1755 1141 ἃ
1793 1118 1829 1140 a-

1064 1156 1146 1196 liis,
1174 1170 1263 1203 quae
1298 1159 1332 1190 in
1374 1157 1494 1202 Regno
1532 1154 1698 1190 Franciae
1735 1165 1830 1191 tene-

1066 1209 1145 1250 bat,
1174 1207 1273 1243 venit
1305 1205 1342 1241 in
1371 1204 1604 1245 Vasconiam‚
1634 1210 1830 1243 mutaturus

1065 1261 1098 1295 ἃ
1127 1259 1336 1295 liberaturus
1377 1258 1507 1305 Regem
1545 1255 1742 1297 carolum,
1768 1257 1832 1305 qui.

1066 1318 1138 1347 erat
1167 1310 1204 1345 in
1242 1308 1450 1345 Catalonia.
1479 1310 1564 1344 Nati
1601 1307 1694 1343 enim
1733 1316 1832 1345 erant

1066 1376 1109 1398 ex
1131 1361 1262 1397 duabus
1286 1359 1480 1395 sororibus.
1501 1361 1548 1394 Et
1567 1373 1645 1395 cum
1669 1359 1832 1408 Alphon—

1067 1414 1103 1449 fo
1130 1422 1215 1448 tunc
1245 1415 1337 1460 Rege
1363 1411 1565 1458 Aragoniae
1594 1411 1833 1461 primogenito

1068 1467 1183 1505 Petri,
1211 1462 1272 1512 qui
1301 1462 1392 1512 patri
1429 1462 1490 1498 suo
1527 1462 1689 1509 cesserat,
1715 1465 1748 1498 &
1777 1466 1834 1508 Ja-

1068 1518 1157 1552 eobo
1184 1514 1290 1551 fratre
1326 1514 1399 1562 ejus
1427 1527 1504 1550 cum
1543 1525 1653 1551 matre
1680 1515 1716 1550 in
1746 1514 1833 1551 Sici-

1068 1568 1152 1604 liam
1181 1566 1270 1602 ivit.
1292 1566 1475 1602 Honorius
1501 1576 1620 1603 autem·
1647 1567 1737 1615 Papa
1760 1565 1833 1601 sen-

1068 1618 1217 1655 tentiam
1244 1617 1399 1654 Martini
1427 1618 1683 1666 promulgatam
1712 1626 1834 1653 contra.

1070 1672 1214 1706 Petrum
1252 1677 1374 1704 contra
1402 1668 1495 1704 filios
1533 1668 1738 1704 renovavit.
1768 1668 1835 1703 Al-

1070 1720 1220 1770 phonsus
1248 1733 1329 1756 vero
1363 1728 1485 1756 contra
1523 1722 1654 1769 Regem
1684 1718 1834 1767 Majori-

1071 1785 1188 1807 carum
1228 1781 1389 1819 patruum
1418 1771 1538 1810 suum,
1565 1770 1628 1818 qui
1666 1783 1743 1805 cum
1770 1772 1835 1805 Ec-

1072 1821 1170 1857 clefia
1208 1821 1243 1856 se
1268 1823 1431 1860 tenebat,
1460 1821 1667 1864 insurrexit,
1695 1821 1729 1854 ἃ
1766 1829 1836 1855 ter«

1071 1885 1124 1907 ras
1149 1871 1284 1918 aliquas
1310 1871 1516 1918 occupavit.
1542 1873 1648 1907 Circa
1671 1871 1834 1906 Natalem

1072 1930 1187 1957 autem
1227 1920 1374 1956 Domini
1413 1931 1581 1956 venerunt
1618 1922 1658 1955 ad
1687 1920 1835 1956 Curiam

1074 1971 1205 2013 Nuntii
1253 1971 1453 2020 Aragoniae
1498 1970 1537 2007 &
1585 1970 1754 2010 Siciliae,
1798 1971 1836 2007 in

1072 2021 1288 2059 Confistorio
1340 2021 1541 2058 excusantes
1587 2021 1807 2068 Alphonsum
1825 2047 1836 2063 ,

1073 2073 1165 2119 quod
1196 2072 1353 2108 Nuntios
1383 2073 1455 2122 post
1482 2072 1590 2122 patris
1627 2076 1764 2108 obitum
1794 2073 1837 2108 ad

1076 2127 1269 2159 Romanam
1298 2125 1444 2161 Curiam
1471 2138 1542 2160 non
1570 2123 1731 2162 mififfet‚
1753 2124 1837 2169 quia.

1075 2174 1215 2212 tranfire
1250 2182 1335 2210 tunc
1376 2188 1448 2210 non
1488 2183 1649 2223 poterant
1695 2185 1836 2222 propter

1075 2239 1227 2273 guerras·
1253 2226 1413 2262 Secundo
1436 2225 1599 2262 dicebant
1627 2238 1704 2260 eum
1734 2225 1836 2259 inno-

1075 2280 1193 2317 xium,
1220 2277 1254 2311 &
1294 2275 1331 2312 in
1359 2278 1460 2312 nullo
1495 2276 1672 2313 conscium
1711 2275 1752 2309 de
1788 2275 1836 2311 fa-

1075 2326 1141 2362 &is
1180 2328 1353 2374 paternis.
1381 2327 1509 2364 Tertio
1543 2327 1835 2369 asseveraverant,

1074 2391 1150 2413 eum
1181 2378 1241 2413 diu
1278 2388 1357 2415 ante
1384 2388 1534 2414 mortem
1573 2377 1680 2419 patris
1721 2375 1834 2425 Regni

1075 2427 1310 2475 poffeffionem
1349 2429 1521 2467 habuisse,
1553 2429 1585 2463 8(
1624 2428 1704 2463 ideo
1741 2437 1836 2474 pete-

1075 2480 1133 2515 bat
1170 2479 1310 2526 pacifice
1347 2480 1407 2514 fibi
1444 2479 1598 2515 dimitti.
1628 2481 1766 2525 Quarto
1803 2478 1835 2514 sc

1074 2530 1115 2565 ad
1145 2529 1320 2566 servitium
1360 2530 1528 2566 Ecclesiae
1564 2531 1750 2566 offerebat.
1781 2532 1834 2565 De

1074 2581 1188 2631 primo
1218 2583 1309 2630 Papa
1343 2593 1416 2619 non
1446 2580 1603 2619 curavit.
1630 2583 1687 2618 Ad
1718 2580 1834 2618 secun-

1698 2633 1782 2672 dum
