<?xml version="1.0" encoding="UTF-8"?>
<!DOCTYPE html PUBLIC "-//W3C//DTD XHTML 1.0 Transitional//EN"
    "http://www.w3.org/TR/xhtml1/DTD/xhtml1-transitional.dtd">
<html xmlns="http://www.w3.org/1999/xhtml" xml:lang="en" lang="en">
 <head>
  <title>
</title>
<meta http-equiv="Content-Type" content="text/html;charset=utf-8" />
  <meta name='ocr-system' content='tesseract 3.04.00' />
  <meta name='ocr-capabilities' content='ocr_page ocr_carea ocr_par ocr_line ocrx_word'/>
</head>
<body>
  <div class='ocr_page' id='page_1' title='image "antiquitatesital11mura_0329.png"; bbox 0 0 2248 3136; ppageno 0'>
   <div class='ocr_carea' id='block_1_1' title="bbox 258 231 341 280">
    <p class='ocr_par' dir='ltr' id='par_1_1' title="bbox 258 231 341 280">
     <span class='ocr_line' id='line_1_1' title="bbox 258 231 341 280; baseline -0.012 0"><span class='ocrx_word' id='word_1_1' title='bbox 258 231 341 280; x_wconf 68' lang='lat'>6³9</span> 
     </span>
    </p>
   </div>
   <div class='ocr_carea' id='block_1_2' title="bbox 517 219 1515 274">
    <p class='ocr_par' dir='ltr' id='par_1_2' title="bbox 517 219 1515 274">
     <span class='ocr_line' id='line_1_2' title="bbox 517 219 1515 274; baseline -0.005 -13"><span class='ocrx_word' id='word_1_2' title='bbox 517 222 617 261; x_wconf 90' lang='lat' dir='ltr'>EX</span> <span class='ocrx_word' id='word_1_3' title='bbox 657 221 1031 274; x_wconf 85' lang='lat' dir='ltr'><em>JORDANI</em></span> <span class='ocrx_word' id='word_1_4' title='bbox 1079 219 1515 259; x_wconf 82' lang='lat' dir='ltr'><em>CHRONICO.</em></span> 
     </span>
    </p>
   </div>
   <div class='ocr_carea' id='block_1_3' title="bbox 1689 223 1773 270">
    <p class='ocr_par' dir='ltr' id='par_1_3' title="bbox 1689 223 1773 270">
     <span class='ocr_line' id='line_1_3' title="bbox 1689 223 1773 270; baseline 0.012 -11"><span class='ocrx_word' id='word_1_5' title='bbox 1689 223 1773 270; x_wconf 85' lang='lat'>640</span> 
     </span>
    </p>
   </div>
   <div class='ocr_carea' id='block_1_4' title="bbox 203 272 1833 324">
    <p class='ocr_par' dir='ltr' id='par_1_4' title="bbox 203 272 1833 324">
     <span class='ocr_line' id='line_1_4' title="bbox 203 272 1833 324; baseline -0.006 -6"><span class='ocrx_word' id='word_1_6' title='bbox 203 283 363 319; x_wconf 81' lang='lat' dir='ltr'>Diacono</span> <span class='ocrx_word' id='word_1_7' title='bbox 389 277 570 315; x_wconf 81' lang='lat' dir='ltr'>Cardinali</span> <span class='ocrx_word' id='word_1_8' title='bbox 596 279 716 313; x_wconf 87' lang='lat' dir='ltr'>oeulos</span> <span class='ocrx_word' id='word_1_9' title='bbox 743 280 856 312; x_wconf 80' lang='lat' dir='ltr'>eruit.</span> <span class='ocrx_word' id='word_1_10' title='bbox 888 277 960 324; x_wconf 88' lang='lat' dir='ltr'>lpse</span> <span class='ocrx_word' id='word_1_11' title='bbox 998 283 1033 317; x_wconf 87' lang='lat' dir='ltr'>A</span> <span class='ocrx_word' id='word_1_12' title='bbox 1072 284 1202 324; x_wconf 84' lang='lat' dir='ltr'>quutus</span> <span class='ocrx_word' id='word_1_13' title='bbox 1243 274 1316 318; x_wconf 89' lang='lat' dir='ltr'>est,</span> <span class='ocrx_word' id='word_1_14' title='bbox 1356 273 1466 309; x_wconf 86' lang='lat' dir='ltr'>donec</span> <span class='ocrx_word' id='word_1_15' title='bbox 1510 272 1645 308; x_wconf 85' lang='lat' dir='ltr'>Urbem</span> <span class='ocrx_word' id='word_1_16' title='bbox 1687 288 1737 321; x_wconf 78' lang='lat' dir='ltr'>eg</span> <span class='ocrx_word' id='word_1_17' title='bbox 1732 275 1833 310; x_wconf 73' lang='lat' dir='ltr'>effus</span> 
     </span>
    </p>
   </div>
   <div class='ocr_carea' id='block_1_5' title="bbox 198 327 960 632">
    <p class='ocr_par' dir='ltr' id='par_1_5' title="bbox 198 327 960 632">
     <span class='ocr_line' id='line_1_5' title="bbox 200 327 960 368; baseline -0.007 -1"><span class='ocrx_word' id='word_1_18' title='bbox 200 345 282 368; x_wconf 87' lang='lat' dir='ltr'>vero</span> <span class='ocrx_word' id='word_1_19' title='bbox 309 330 425 366; x_wconf 82' lang='lat' dir='ltr'>subito</span> <span class='ocrx_word' id='word_1_20' title='bbox 452 328 628 365; x_wconf 65' lang='lat' dir='ltr'>extinstus</span> <span class='ocrx_word' id='word_1_21' title='bbox 655 327 721 364; x_wconf 83' lang='lat' dir='ltr'>est.</span> <span class='ocrx_word' id='word_1_22' title='bbox 749 328 960 363; x_wconf 63' lang='lat' dir='ltr'>BenediRus</span> 
     </span>
     <span class='ocr_line' id='line_1_6' title="bbox 198 378 959 419; baseline -0.004 -1"><span class='ocrx_word' id='word_1_23' title='bbox 198 381 343 419; x_wconf 81' lang='lat' dir='ltr'>natione</span> <span class='ocrx_word' id='word_1_24' title='bbox 390 383 566 416; x_wconf 86' lang='lat' dir='ltr'>Romanus</span> <span class='ocrx_word' id='word_1_25' title='bbox 615 378 702 414; x_wconf 81' lang='lat' dir='ltr'>sedit</span> <span class='ocrx_word' id='word_1_26' title='bbox 752 391 861 414; x_wconf 84' lang='lat' dir='ltr'>annos</span> <span class='ocrx_word' id='word_1_27' title='bbox 913 381 959 415; x_wconf 86' lang='lat'>11.</span> 
     </span>
     <span class='ocr_line' id='line_1_7' title="bbox 201 428 959 476; baseline -0.005 -8"><span class='ocrx_word' id='word_1_28' title='bbox 201 432 333 468; x_wconf 87' lang='lat' dir='ltr'>menses</span> <span class='ocrx_word' id='word_1_29' title='bbox 361 433 424 467; x_wconf 87' lang='lat' dir='ltr'>Vl.</span> <span class='ocrx_word' id='word_1_30' title='bbox 452 429 605 466; x_wconf 81' lang='lat' dir='ltr'>Ceffavit</span> <span class='ocrx_word' id='word_1_31' title='bbox 632 428 862 476; x_wconf 81' lang='lat' dir='ltr'>Episcopatus</span> <span class='ocrx_word' id='word_1_32' title='bbox 890 429 959 465; x_wconf 79' lang='lat' dir='ltr'>dies</span> 
     </span>
     <span class='ocr_line' id='line_1_8' title="bbox 200 479 960 518; baseline -0.004 0"><span class='ocrx_word' id='word_1_33' title='bbox 200 485 245 518; x_wconf 85' lang='lat' dir='ltr'>V.</span> <span class='ocrx_word' id='word_1_34' title='bbox 284 483 355 518; x_wconf 82' lang='lat' dir='ltr'>Hic</span> <span class='ocrx_word' id='word_1_35' title='bbox 392 484 500 517; x_wconf 85' lang='lat' dir='ltr'>bonus</span> <span class='ocrx_word' id='word_1_36' title='bbox 536 479 603 515; x_wconf 86' lang='lat' dir='ltr'>fuit</span> <span class='ocrx_word' id='word_1_37' title='bbox 638 481 671 514; x_wconf 89' lang='lat'>&amp;</span> <span class='ocrx_word' id='word_1_38' title='bbox 709 479 884 515; x_wconf 86' lang='lat' dir='ltr'>Othonem</span> <span class='ocrx_word' id='word_1_39' title='bbox 915 480 960 515; x_wconf 86' lang='lat' dir='ltr'>ll.</span> 
     </span>
     <span class='ocr_line' id='line_1_9' title="bbox 201 530 959 576; baseline -0.004 -7"><span class='ocrx_word' id='word_1_40' title='bbox 201 533 444 569; x_wconf 81' lang='lat' dir='ltr'>confirmavit,</span> <span class='ocrx_word' id='word_1_41' title='bbox 471 532 532 576; x_wconf 89' lang='lat' dir='ltr'>qui</span> <span class='ocrx_word' id='word_1_42' title='bbox 559 532 593 564; x_wconf 90' lang='lat' dir='ltr'>in</span> <span class='ocrx_word' id='word_1_43' title='bbox 621 530 760 566; x_wconf 82' lang='lat' dir='ltr'>Italiam</span> <span class='ocrx_word' id='word_1_44' title='bbox 789 543 866 566; x_wconf 89' lang='lat' dir='ltr'>cum</span> <span class='ocrx_word' id='word_1_45' title='bbox 895 532 959 566; x_wconf 86' lang='lat' dir='ltr'>Re-</span> 
     </span>
     <span class='ocr_line' id='line_1_10' title="bbox 201 582 655 632; baseline -0.002 -14"><span class='ocrx_word' id='word_1_46' title='bbox 201 583 283 632; x_wconf 86' lang='lat' dir='ltr'>gina</span> <span class='ocrx_word' id='word_1_47' title='bbox 310 582 351 618; x_wconf 85' lang='lat' dir='ltr'>ad</span> <span class='ocrx_word' id='word_1_48' title='bbox 378 594 456 618; x_wconf 88' lang='lat' dir='ltr'>eum</span> <span class='ocrx_word' id='word_1_49' title='bbox 487 590 628 616; x_wconf 82' lang='lat' dir='ltr'>venerat</span> <span class='ocrx_word' id='word_1_50' title='bbox 645 607 655 617; x_wconf 92' lang='lat'><strong><em>.</em></strong></span> 
     </span>
    </p>
   </div>
   <div class='ocr_carea' id='block_1_6' title="bbox 252 680 1034 832">
    <p class='ocr_par' dir='ltr' id='par_1_6' title="bbox 252 680 1034 832">
     <span class='ocr_line' id='line_1_11' title="bbox 401 680 759 718; baseline -0.006 0"><span class='ocrx_word' id='word_1_51' title='bbox 401 680 437 718; x_wconf 89' lang='lat' dir='ltr'>C</span> <span class='ocrx_word' id='word_1_52' title='bbox 449 682 481 717; x_wconf 90' lang='lat' dir='ltr'>A</span> <span class='ocrx_word' id='word_1_53' title='bbox 496 682 534 717; x_wconf 89' lang='lat' dir='ltr'>P.</span> <span class='ocrx_word' id='word_1_54' title='bbox 586 682 618 717; x_wconf 90' lang='lat' dir='ltr'>C</span> <span class='ocrx_word' id='word_1_55' title='bbox 629 682 660 717; x_wconf 91' lang='lat' dir='ltr'>C</span> <span class='ocrx_word' id='word_1_56' title='bbox 674 683 701 716; x_wconf 85' lang='lat' dir='ltr'>X</span> <span class='ocrx_word' id='word_1_57' title='bbox 717 683 759 717; x_wconf 85' lang='lat' dir='ltr'>X.</span> 
     </span>
     <span class='ocr_line' id='line_1_12' title="bbox 252 733 1034 832; baseline -0.003 -12"><span class='ocrx_word' id='word_1_58' title='bbox 252 785 306 820; x_wconf 89' lang='lat' dir='ltr'>De</span> <span class='ocrx_word' id='word_1_59' title='bbox 334 784 485 832; x_wconf 83' lang='lat' dir='ltr'>Imperio</span> <span class='ocrx_word' id='word_1_60' title='bbox 511 780 667 818; x_wconf 83' lang='lat' dir='ltr'>Othonis</span> <span class='ocrx_word' id='word_1_61' title='bbox 696 783 761 817; x_wconf 87' lang='grc' dir='ltr'>ΠΙ.</span> <span class='ocrx_word' id='word_1_62' title='bbox 788 782 822 818; x_wconf 88' lang='lat'>&amp;</span> <span class='ocrx_word' id='word_1_63' title='bbox 850 780 912 818; x_wconf 85' lang='lat' dir='ltr'>fibi</span> <span class='ocrx_word' id='word_1_64' title='bbox 1008 733 1034 767; x_wconf 62' lang='lat' dir='ltr'>E</span> 
     </span>
    </p>
   </div>
   <div class='ocr_carea' id='block_1_7' title="bbox 425 833 746 882">
    <p class='ocr_par' dir='ltr' id='par_1_7' title="bbox 425 833 746 882">
     <span class='ocr_line' id='line_1_13' title="bbox 425 833 746 882; baseline -0.006 -12"><span class='ocrx_word' id='word_1_65' title='bbox 425 833 725 882; x_wconf 85' lang='lat' dir='ltr'>contemporaneis</span> <span class='ocrx_word' id='word_1_66' title='bbox 736 859 746 868; x_wconf 88' lang='lat'><strong>.</strong></span> 
     </span>
    </p>
   </div>
   <div class='ocr_carea' id='block_1_8' title="bbox 256 934 914 1031">
    <p class='ocr_par' dir='ltr' id='par_1_8' title="bbox 256 934 914 1031">
     <span class='ocr_line' id='line_1_14' title="bbox 256 934 914 982; baseline -0.006 -11"><span class='ocrx_word' id='word_1_67' title='bbox 256 936 352 982; x_wconf 79' lang='lat' dir='ltr'>Cujus</span> <span class='ocrx_word' id='word_1_68' title='bbox 380 937 551 970; x_wconf 72' lang='lat' dir='ltr'>Particum</span> <span class='ocrx_word' id='word_1_69' title='bbox 579 939 605 970; x_wconf 90' lang='grc' dir='ltr'>Ι.</span> <span class='ocrx_word' id='word_1_70' title='bbox 633 937 672 968; x_wconf 73' lang='lat' dir='ltr'>cle</span> <span class='ocrx_word' id='word_1_71' title='bbox 698 934 914 969; x_wconf 78' lang='lat' dir='ltr'>translatione</span> 
     </span>
     <span class='ocr_line' id='line_1_15' title="bbox 424 988 744 1031; baseline 0.003 -12"><span class='ocrx_word' id='word_1_72' title='bbox 424 988 529 1031; x_wconf 75' lang='lat' dir='ltr'>Regni</span> <span class='ocrx_word' id='word_1_73' title='bbox 558 990 589 1019; x_wconf 92' lang='lat' dir='ltr'><em>F</em></span> <span class='ocrx_word' id='word_1_74' title='bbox 593 988 744 1020; x_wconf 79' lang='lat' dir='ltr'>ram-iae.</span> 
     </span>
    </p>
   </div>
   <div class='ocr_carea' id='block_1_9' title="bbox 203 1085 992 1635">
    <p class='ocr_par' dir='ltr' id='par_1_9' title="bbox 302 1085 962 1135">
     <span class='ocr_line' id='line_1_16' title="bbox 302 1085 962 1135; baseline -0.003 -13"><span class='ocrx_word' id='word_1_75' title='bbox 302 1086 386 1123; x_wconf 86' lang='lat' dir='ltr'>Tho</span> <span class='ocrx_word' id='word_1_76' title='bbox 427 1086 538 1135; x_wconf 81' lang='lat' dir='ltr'>igitur</span> <span class='ocrx_word' id='word_1_77' title='bbox 579 1086 694 1135; x_wconf 87' lang='lat' dir='ltr'>postea</span> <span class='ocrx_word' id='word_1_78' title='bbox 738 1085 962 1134; x_wconf 79' lang='lat' dir='ltr'>imperavit3</span> 
     </span>
    </p>

    <p class='ocr_par' dir='ltr' id='par_1_10' title="bbox 203 1135 992 1635">
     <span class='ocr_line' id='line_1_17' title="bbox 328 1135 964 1185; baseline -0.003 -13"><span class='ocrx_word' id='word_1_79' title='bbox 328 1138 424 1185; x_wconf 79' lang='lat' dir='ltr'>cujus</span> <span class='ocrx_word' id='word_1_80' title='bbox 461 1150 553 1172; x_wconf 87' lang='lat' dir='ltr'>anno</span> <span class='ocrx_word' id='word_1_81' title='bbox 589 1145 742 1184; x_wconf 84' lang='lat' dir='ltr'>quarto,</span> <span class='ocrx_word' id='word_1_82' title='bbox 778 1135 964 1172; x_wconf 85' lang='lat' dir='ltr'>Ludovico</span> 
     </span>
     <span class='ocr_line' id='line_1_18' title="bbox 206 1186 963 1235; baseline -0.003 -13"><span class='ocrx_word' id='word_1_83' title='bbox 206 1190 300 1235; x_wconf 86' lang='lat' dir='ltr'>Rege</span> <span class='ocrx_word' id='word_1_84' title='bbox 329 1191 540 1222; x_wconf 76' lang='lat' dir='ltr'>Francorum</span> <span class='ocrx_word' id='word_1_85' title='bbox 579 1187 704 1233; x_wconf 80' lang='lat' dir='ltr'>juvene</span> <span class='ocrx_word' id='word_1_86' title='bbox 740 1195 881 1221; x_wconf 80' lang='lat' dir='ltr'>mortuo</span> <span class='ocrx_word' id='word_1_87' title='bbox 908 1186 963 1220; x_wconf 86' lang='lat' dir='ltr'>ab·</span> 
     </span>
     <span class='ocr_line' id='line_1_19' title="bbox 204 1235 963 1285; baseline -0.001 -13"><span class='ocrx_word' id='word_1_88' title='bbox 204 1237 286 1284; x_wconf 79' lang='lat' dir='ltr'>sque</span> <span class='ocrx_word' id='word_1_89' title='bbox 335 1236 483 1276; x_wconf 84' lang='lat' dir='ltr'>liberis,</span> <span class='ocrx_word' id='word_1_90' title='bbox 532 1237 566 1271; x_wconf 89' lang='lat'>&amp;</span> <span class='ocrx_word' id='word_1_91' title='bbox 617 1235 734 1272; x_wconf 88' lang='lat' dir='ltr'>fraude</span> <span class='ocrx_word' id='word_1_92' title='bbox 784 1235 963 1285; x_wconf 82' lang='lat' dir='ltr'>conjugis,</span> 
     </span>
     <span class='ocr_line' id='line_1_20' title="bbox 203 1266 992 1406; baseline 0 -84"><span class='ocrx_word' id='word_1_93' title='bbox 203 1289 341 1322; x_wconf 74' lang='lat' dir='ltr'>francis</span> <span class='ocrx_word' id='word_1_94' title='bbox 371 1289 527 1335; x_wconf 83' lang='lat' dir='ltr'>Regnum</span> <span class='ocrx_word' id='word_1_95' title='bbox 555 1285 738 1322; x_wconf 77' lang='lat' dir='ltr'>transferre</span> <span class='ocrx_word' id='word_1_96' title='bbox 765 1287 963 1322; x_wconf 76' lang='lat' dir='ltr'>volentibus</span> <span class='ocrx_word' id='word_1_97' title='bbox 988 1266 992 1406; x_wconf 61' lang='lat'><em>¹</em></span> 
     </span>
     <span class='ocr_line' id='line_1_21' title="bbox 203 1336 964 1373; baseline -0.003 -1"><span class='ocrx_word' id='word_1_98' title='bbox 203 1338 244 1372; x_wconf 86' lang='lat' dir='ltr'>ad</span> <span class='ocrx_word' id='word_1_99' title='bbox 272 1336 444 1373; x_wconf 87' lang='lat' dir='ltr'>Carolum</span> <span class='ocrx_word' id='word_1_100' title='bbox 475 1338 606 1371; x_wconf 88' lang='lat' dir='ltr'>Ducem</span> <span class='ocrx_word' id='word_1_101' title='bbox 634 1336 772 1371; x_wconf 81' lang='lat' dir='ltr'>fratrem</span> <span class='ocrx_word' id='word_1_102' title='bbox 801 1336 964 1372; x_wconf 88' lang='lat' dir='ltr'>Lotharii</span> 
     </span>
     <span class='ocr_line' id='line_1_22' title="bbox 206 1385 964 1435; baseline 0 -13"><span class='ocrx_word' id='word_1_103' title='bbox 206 1387 312 1435; x_wconf 85' lang='lat' dir='ltr'>Regis</span> <span class='ocrx_word' id='word_1_104' title='bbox 351 1385 578 1434; x_wconf 76' lang='lat' dir='ltr'>primogeniti</span> <span class='ocrx_word' id='word_1_105' title='bbox 616 1385 719 1434; x_wconf 80' lang='lat' dir='ltr'>ipsius</span> <span class='ocrx_word' id='word_1_106' title='bbox 758 1386 964 1431; x_wconf 72' lang='lat' dir='ltr'>Ludovici,</span> 
     </span>
     <span class='ocr_line' id='line_1_23' title="bbox 205 1435 958 1480; baseline 0 -7"><span class='ocrx_word' id='word_1_107' title='bbox 205 1437 287 1473; x_wconf 87' lang='lat' dir='ltr'>dum</span> <span class='ocrx_word' id='word_1_108' title='bbox 318 1450 370 1473; x_wconf 87' lang='lat' dir='ltr'>res</span> <span class='ocrx_word' id='word_1_109' title='bbox 397 1437 438 1473; x_wconf 84' lang='lat' dir='ltr'>ad</span> <span class='ocrx_word' id='word_1_110' title='bbox 476 1435 658 1472; x_wconf 84' lang='lat' dir='ltr'>consilium</span> <span class='ocrx_word' id='word_1_111' title='bbox 696 1435 870 1480; x_wconf 79' lang='lat' dir='ltr'>defertur,</span> <span class='ocrx_word' id='word_1_112' title='bbox 899 1440 958 1473; x_wconf 80' lang='lat' dir='ltr'>Re-</span> 
     </span>
     <span class='ocr_line' id='line_1_24' title="bbox 205 1486 964 1536; baseline 0.003 -15"><span class='ocrx_word' id='word_1_113' title='bbox 205 1501 309 1536; x_wconf 84' lang='lat' dir='ltr'>gnum</span> <span class='ocrx_word' id='word_1_114' title='bbox 345 1496 494 1535; x_wconf 82' lang='lat' dir='ltr'>occupat</span> <span class='ocrx_word' id='word_1_115' title='bbox 528 1489 635 1535; x_wconf 82' lang='lat' dir='ltr'>Hugo</span> <span class='ocrx_word' id='word_1_116' title='bbox 671 1486 766 1522; x_wconf 83' lang='lat' dir='ltr'>filius</span> <span class='ocrx_word' id='word_1_117' title='bbox 802 1489 964 1535; x_wconf 86' lang='lat' dir='ltr'>Hugonis</span> 
     </span>
     <span class='ocr_line' id='line_1_25' title="bbox 209 1537 948 1586; baseline 0.003 -14"><span class='ocrx_word' id='word_1_118' title='bbox 209 1537 398 1573; x_wconf 64' lang='lat' dir='ltr'>parifienfis</span> <span class='ocrx_word' id='word_1_119' title='bbox 429 1551 471 1573; x_wconf 87' lang='lat' dir='ltr'>ex</span> <span class='ocrx_word' id='word_1_120' title='bbox 500 1537 674 1586; x_wconf 84' lang='lat' dir='ltr'>Augunde</span> <span class='ocrx_word' id='word_1_121' title='bbox 701 1537 815 1574; x_wconf 88' lang='lat' dir='ltr'>sorore</span> <span class='ocrx_word' id='word_1_122' title='bbox 851 1538 948 1575; x_wconf 75' lang='lat' dir='ltr'>Otho</span> 
     </span>
     <span class='ocr_line' id='line_1_26' title="bbox 206 1587 593 1635; baseline -0.003 -10"><span class='ocrx_word' id='word_1_123' title='bbox 206 1588 260 1625; x_wconf 83' lang='lat' dir='ltr'>nis</span> <span class='ocrx_word' id='word_1_124' title='bbox 288 1587 315 1624; x_wconf 91' lang='lat' dir='ltr'>I.</span> <span class='ocrx_word' id='word_1_125' title='bbox 345 1587 593 1635; x_wconf 82' lang='lat' dir='ltr'>Imperatoris.</span> 
     </span>
    </p>
   </div>
   <div class='ocr_carea' id='block_1_10' title="bbox 266 1689 912 1734">
    <p class='ocr_par' dir='ltr' id='par_1_11' title="bbox 266 1689 912 1734">
     <span class='ocr_line' id='line_1_27' title="bbox 266 1689 912 1734; baseline 0 -10"><span class='ocrx_word' id='word_1_126' title='bbox 266 1690 435 1724; x_wconf 79' lang='lat' dir='ltr'>Particula</span> <span class='ocrx_word' id='word_1_127' title='bbox 462 1692 507 1723; x_wconf 88' lang='lat' dir='ltr'>II.</span> <span class='ocrx_word' id='word_1_128' title='bbox 533 1689 573 1722; x_wconf 83' lang='lat' dir='ltr'>de</span> <span class='ocrx_word' id='word_1_129' title='bbox 599 1689 707 1724; x_wconf 59' lang='lat' dir='ltr'>Sant‘fo</span> <span class='ocrx_word' id='word_1_130' title='bbox 735 1690 889 1734; x_wconf 80' lang='lat' dir='ltr'>Dunstano</span> <span class='ocrx_word' id='word_1_131' title='bbox 905 1715 912 1724; x_wconf 91' lang='lat'><strong>.</strong></span> 
     </span>
    </p>
   </div>
   <div class='ocr_carea' id='block_1_11' title="bbox 207 1786 963 1936">
    <p class='ocr_par' dir='ltr' id='par_1_12' title="bbox 207 1786 963 1936">
     <span class='ocr_line' id='line_1_28' title="bbox 257 1786 962 1825; baseline 0.004 -3"><span class='ocrx_word' id='word_1_132' title='bbox 257 1786 388 1822; x_wconf 74' lang='lat' dir='ltr'>Eodem</span> <span class='ocrx_word' id='word_1_133' title='bbox 433 1800 515 1822; x_wconf 79' lang='lat' dir='ltr'>vero</span> <span class='ocrx_word' id='word_1_134' title='bbox 567 1800 658 1823; x_wconf 88' lang='lat' dir='ltr'>anno</span> <span class='ocrx_word' id='word_1_135' title='bbox 710 1797 867 1824; x_wconf 80' lang='lat' dir='ltr'>mortuus</span> <span class='ocrx_word' id='word_1_136' title='bbox 917 1789 962 1825; x_wconf 88' lang='lat' dir='ltr'>est</span> 
     </span>
     <span class='ocr_line' id='line_1_29' title="bbox 209 1836 963 1886; baseline 0.004 -14"><span class='ocrx_word' id='word_1_137' title='bbox 209 1836 423 1873; x_wconf 78' lang='lat' dir='ltr'>Dunstanus.</span> <span class='ocrx_word' id='word_1_138' title='bbox 450 1839 520 1872; x_wconf 90' lang='lat' dir='ltr'>Hic</span> <span class='ocrx_word' id='word_1_139' title='bbox 547 1850 590 1872; x_wconf 87' lang='lat' dir='ltr'>ex</span> <span class='ocrx_word' id='word_1_140' title='bbox 618 1839 813 1885; x_wconf 75' lang='lat' dir='ltr'>parentibus</span> <span class='ocrx_word' id='word_1_141' title='bbox 841 1852 963 1886; x_wconf 81' lang='lat' dir='ltr'><strong>genere</strong></span> 
     </span>
     <span class='ocr_line' id='line_1_30' title="bbox 207 1887 861 1936; baseline 0.003 -14"><span class='ocrx_word' id='word_1_142' title='bbox 207 1892 237 1922; x_wconf 86' lang='lat'>&amp;</span> <span class='ocrx_word' id='word_1_143' title='bbox 267 1887 333 1924; x_wconf 77' lang='lat' dir='ltr'>fide</span> <span class='ocrx_word' id='word_1_144' title='bbox 360 1887 539 1923; x_wconf 86' lang='lat' dir='ltr'>nobilibus</span> <span class='ocrx_word' id='word_1_145' title='bbox 565 1887 603 1923; x_wconf 91' lang='lat' dir='ltr'>in</span> <span class='ocrx_word' id='word_1_146' title='bbox 631 1887 764 1936; x_wconf 80' lang='lat' dir='ltr'>Anglia</span> <span class='ocrx_word' id='word_1_147' title='bbox 794 1888 861 1924; x_wconf 84' lang='lat' dir='ltr'>&amp;c.</span> 
     </span>
    </p>
   </div>
   <div class='ocr_carea' id='block_1_12' title="bbox 207 1987 959 2035">
    <p class='ocr_par' dir='ltr' id='par_1_13' title="bbox 207 1987 959 2035">
     <span class='ocr_line' id='line_1_31' title="bbox 207 1987 959 2035; baseline 0.003 -11"><span class='ocrx_word' id='word_1_148' title='bbox 207 1991 376 2025; x_wconf 47' lang='lat' dir='ltr'>Partis-ula</span> <span class='ocrx_word' id='word_1_149' title='bbox 404 1993 467 2024; x_wconf 83' lang='lat' dir='ltr'><em>III.</em></span> <span class='ocrx_word' id='word_1_150' title='bbox 496 1992 534 2024; x_wconf 85' lang='lat' dir='ltr'>de</span> <span class='ocrx_word' id='word_1_151' title='bbox 560 1989 696 2024; x_wconf 84' lang='lat' dir='ltr'><em>Summis</em></span> <span class='ocrx_word' id='word_1_152' title='bbox 724 1987 934 2035; x_wconf 72' lang='lat' dir='ltr'>Pontificibus</span> <span class='ocrx_word' id='word_1_153' title='bbox 950 2016 959 2026; x_wconf 92' lang='lat'>.</span> 
     </span>
    </p>
   </div>
   <div class='ocr_carea' id='block_1_13' title="bbox 204 2086 1034 2542">
    <p class='ocr_par' dir='ltr' id='par_1_14' title="bbox 204 2086 1034 2542">
     <span class='ocr_line' id='line_1_32' title="bbox 251 2086 1034 2127; baseline -0.003 -2"><span class='ocrx_word' id='word_1_154' title='bbox 251 2090 412 2126; x_wconf 80' lang='lat' dir='ltr'>Ohannes</span> <span class='ocrx_word' id='word_1_155' title='bbox 458 2090 602 2127; x_wconf 82' lang='lat' dir='ltr'>natione</span> <span class='ocrx_word' id='word_1_156' title='bbox 648 2092 826 2125; x_wconf 86' lang='lat' dir='ltr'>Romanus</span> <span class='ocrx_word' id='word_1_157' title='bbox 874 2090 961 2126; x_wconf 80' lang='lat' dir='ltr'>sedit</span> <span class='ocrx_word' id='word_1_158' title='bbox 988 2086 1034 2123; x_wconf 66' lang='lat' dir='ltr'>{E</span> 
     </span>
     <span class='ocr_line' id='line_1_33' title="bbox 205 2090 991 2195; baseline 0 -19"><span class='ocrx_word' id='word_1_159' title='bbox 205 2090 405 2195; x_wconf 78' lang='lat' dir='ltr'>Jmenses</span> <span class='ocrx_word' id='word_1_160' title='bbox 442 2142 503 2176; x_wconf 85' lang='lat' dir='ltr'>IX.</span> <span class='ocrx_word' id='word_1_161' title='bbox 540 2140 695 2179; x_wconf 78' lang='lat' dir='ltr'>Cessavjt</span> <span class='ocrx_word' id='word_1_162' title='bbox 734 2133 991 2187; x_wconf 77' lang='lat' dir='ltr'>Episcopatus3</span> 
     </span>
     <span class='ocr_line' id='line_1_34' title="bbox 206 2174 991 2240; baseline -0.001 -12"><span class='ocrx_word' id='word_1_163' title='bbox 206 2205 277 2228; x_wconf 76' lang='lat' dir='ltr'>mes</span> <span class='ocrx_word' id='word_1_164' title='bbox 307 2194 348 2227; x_wconf 85' lang='lat' dir='ltr'>X.</span> <span class='ocrx_word' id='word_1_165' title='bbox 377 2191 448 2227; x_wconf 81' lang='lat' dir='ltr'>Hic</span> <span class='ocrx_word' id='word_1_166' title='bbox 475 2191 512 2226; x_wconf 88' lang='lat' dir='ltr'>in</span> <span class='ocrx_word' id='word_1_167' title='bbox 540 2191 658 2227; x_wconf 84' lang='lat' dir='ltr'>Castro</span> <span class='ocrx_word' id='word_1_168' title='bbox 687 2190 804 2226; x_wconf 72' lang='lat' dir='ltr'>Sanffi</span> <span class='ocrx_word' id='word_1_169' title='bbox 831 2193 960 2240; x_wconf 77' lang='lat' dir='ltr'>Angeli</span> <span class='ocrx_word' id='word_1_170' title='bbox 988 2174 991 2209; x_wconf 71' lang='grc' dir='ltr'>Ι</span> 
     </span>
     <span class='ocr_line' id='line_1_35' title="bbox 207 2242 958 2291; baseline 0.001 -14"><span class='ocrx_word' id='word_1_171' title='bbox 207 2256 267 2291; x_wconf 72' lang='lat' dir='ltr'>per</span> <span class='ocrx_word' id='word_1_172' title='bbox 294 2243 429 2289; x_wconf 81' lang='lat' dir='ltr'>aliquos</span> <span class='ocrx_word' id='word_1_173' title='bbox 467 2242 601 2277; x_wconf 85' lang='lat' dir='ltr'>nobiles</span> <span class='ocrx_word' id='word_1_174' title='bbox 639 2243 814 2277; x_wconf 76' lang='lat' dir='ltr'>Romanos</span> <span class='ocrx_word' id='word_1_175' title='bbox 850 2245 958 2278; x_wconf 88' lang='lat' dir='ltr'>inclu-</span> 
     </span>
     <span class='ocr_line' id='line_1_36' title="bbox 206 2292 958 2337; baseline 0 -8"><span class='ocrx_word' id='word_1_176' title='bbox 206 2293 281 2335; x_wconf 69' lang='grc' dir='ltr'>(ωε,</span> <span class='ocrx_word' id='word_1_177' title='bbox 318 2292 408 2328; x_wconf 83' lang='lat' dir='ltr'>fame</span> <span class='ocrx_word' id='word_1_178' title='bbox 444 2292 662 2328; x_wconf 73' lang='lat' dir='ltr'>excruciatus</span> <span class='ocrx_word' id='word_1_179' title='bbox 697 2292 866 2328; x_wconf 77' lang='lat' dir='ltr'>moritur.</span> <span class='ocrx_word' id='word_1_180' title='bbox 903 2295 958 2337; x_wconf 77' lang='lat' dir='ltr'>Jo-</span> 
     </span>
     <span class='ocr_line' id='line_1_37' title="bbox 205 2343 989 2379; baseline 0 0"><span class='ocrx_word' id='word_1_181' title='bbox 205 2343 333 2379; x_wconf 86' lang='lat' dir='ltr'>hannes</span> <span class='ocrx_word' id='word_1_182' title='bbox 362 2343 504 2379; x_wconf 69' lang='lat' dir='ltr'>natione</span> <span class='ocrx_word' id='word_1_183' title='bbox 534 2347 708 2379; x_wconf 75' lang='lat' dir='ltr'>Romanus</span> <span class='ocrx_word' id='word_1_184' title='bbox 736 2343 825 2378; x_wconf 87' lang='lat' dir='ltr'>sedit</span> <span class='ocrx_word' id='word_1_185' title='bbox 851 2357 958 2379; x_wconf 89' lang='lat' dir='ltr'>annos</span> <span class='ocrx_word' id='word_1_186' title='bbox 988 2345 989 2348; x_wconf 71' lang='grc'>’</span> 
     </span>
     <span class='ocr_line' id='line_1_38' title="bbox 206 2393 958 2431; baseline 0.001 -2"><span class='ocrx_word' id='word_1_187' title='bbox 206 2396 248 2430; x_wconf 85' lang='lat' dir='ltr'>X.</span> <span class='ocrx_word' id='word_1_188' title='bbox 276 2393 405 2430; x_wconf 85' lang='lat' dir='ltr'>menses</span> <span class='ocrx_word' id='word_1_189' title='bbox 435 2394 514 2431; x_wconf 82' lang='lat' dir='ltr'>VH.</span> <span class='ocrx_word' id='word_1_190' title='bbox 551 2395 623 2430; x_wconf 89' lang='lat' dir='ltr'>dies</span> <span class='ocrx_word' id='word_1_191' title='bbox 658 2397 698 2429; x_wconf 79' lang='lat' dir='ltr'>X.</span> <span class='ocrx_word' id='word_1_192' title='bbox 735 2394 888 2430; x_wconf 82' lang='lat' dir='ltr'>Ceffavit</span> <span class='ocrx_word' id='word_1_193' title='bbox 914 2396 958 2429; x_wconf 77' lang='lat' dir='ltr'>E-</span> 
     </span>
     <span class='ocr_line' id='line_1_39' title="bbox 205 2443 991 2494; baseline 0 -14"><span class='ocrx_word' id='word_1_194' title='bbox 205 2444 401 2493; x_wconf 86' lang='lat' dir='ltr'>piscopatus</span> <span class='ocrx_word' id='word_1_195' title='bbox 428 2470 520 2481; x_wconf 88' lang='grc'><strong>.....</strong></span> <span class='ocrx_word' id='word_1_196' title='bbox 556 2445 628 2481; x_wconf 84' lang='lat' dir='ltr'>Hic</span> <span class='ocrx_word' id='word_1_197' title='bbox 656 2444 725 2480; x_wconf 81' lang='lat' dir='ltr'>fuit</span> <span class='ocrx_word' id='word_1_198' title='bbox 751 2443 857 2481; x_wconf 82' lang='lat' dir='ltr'>nimis</span> <span class='ocrx_word' id='word_1_199' title='bbox 885 2458 958 2480; x_wconf 80' lang='lat' dir='ltr'>eru·</span> <span class='ocrx_word' id='word_1_200' title='bbox 987 2469 991 2494; x_wconf 66' lang='grc'>4</span> 
     </span>
     <span class='ocr_line' id='line_1_40' title="bbox 204 2494 990 2542; baseline -0.001 -12"><span class='ocrx_word' id='word_1_201' title='bbox 204 2495 320 2538; x_wconf 62' lang='lat' dir='ltr'>ditus,</span> <span class='ocrx_word' id='word_1_202' title='bbox 356 2494 394 2532; x_wconf 87' lang='lat'>&amp;</span> <span class='ocrx_word' id='word_1_203' title='bbox 432 2496 560 2532; x_wconf 65' lang='lat' dir='ltr'>Libros</span> <span class='ocrx_word' id='word_1_204' title='bbox 597 2494 814 2542; x_wconf 70' lang='lat' dir='ltr'>composuit.</span> <span class='ocrx_word' id='word_1_205' title='bbox 852 2496 957 2531; x_wconf 85' lang='lat' dir='ltr'>Hunc</span> <span class='ocrx_word' id='word_1_206' title='bbox 988 2509 990 2529; x_wconf 81' lang='grc' dir='ltr'><em>ῑ</em></span> 
     </span>
    </p>
   </div>
   <div class='ocr_carea' id='block_1_14' title="bbox 203 2545 990 2596">
    <p class='ocr_par' dir='ltr' id='par_1_15' title="bbox 203 2545 990 2596">
     <span class='ocr_line' id='line_1_41' title="bbox 203 2545 990 2596; baseline 0.001 -15"><span class='ocrx_word' id='word_1_207' title='bbox 203 2545 420 2582; x_wconf 63' lang='grc' dir='ltr'>(Ξηϊςειηὶας</span> <span class='ocrx_word' id='word_1_208' title='bbox 473 2546 580 2583; x_wconf 86' lang='lat' dir='ltr'>Urbis</span> <span class='ocrx_word' id='word_1_209' title='bbox 634 2547 797 2596; x_wconf 74' lang='lat' dir='ltr'>Princeps</span> <span class='ocrx_word' id='word_1_210' title='bbox 847 2545 990 2595; x_wconf 78' lang='lat' dir='ltr'>perse-3</span> 
     </span>
    </p>
   </div>
   <div class='ocr_carea' id='block_1_15' title="bbox 987 2214 993 2328">
    <p class='ocr_par' dir='ltr' id='par_1_16' title="bbox 987 2214 993 2328">
     <span class='ocr_line' id='line_1_42' title="bbox 987 2214 993 2328; baseline 0 808"><span class='ocrx_word' id='word_1_211' title='bbox 987 2214 993 2328; x_wconf 95' lang='lat' dir='ltr'> </span> 
     </span>
    </p>
   </div>
   <div class='ocr_carea' id='block_1_16' title="bbox 987 2351 993 2467">
    <p class='ocr_par' dir='ltr' id='par_1_17' title="bbox 987 2351 993 2467">
     <span class='ocr_line' id='line_1_43' title="bbox 987 2351 993 2467; baseline 0 669"><span class='ocrx_word' id='word_1_212' title='bbox 987 2351 993 2467; x_wconf 95' lang='lat' dir='ltr'> </span> 
     </span>
    </p>
   </div>
   <div class='ocr_carea' id='block_1_17' title="bbox 1042 323 1832 566">
    <p class='ocr_par' dir='ltr' id='par_1_18' title="bbox 1042 323 1832 372">
     <span class='ocr_line' id='line_1_44' title="bbox 1042 323 1832 372; baseline -0.004 -10"><span class='ocrx_word' id='word_1_213' title='bbox 1042 350 1043 354; x_wconf 62' lang='lat'><em>=</em></span> <span class='ocrx_word' id='word_1_214' title='bbox 1072 327 1137 363; x_wconf 87' lang='lat' dir='ltr'>est.</span> <span class='ocrx_word' id='word_1_215' title='bbox 1172 326 1346 362; x_wconf 85' lang='lat' dir='ltr'>Tamdem</span> <span class='ocrx_word' id='word_1_216' title='bbox 1383 323 1612 372; x_wconf 79' lang='lat' dir='ltr'>cognoscens,</span> <span class='ocrx_word' id='word_1_217' title='bbox 1646 324 1739 371; x_wconf 86' lang='lat' dir='ltr'>quod</span> <span class='ocrx_word' id='word_1_218' title='bbox 1770 338 1832 371; x_wconf 84' lang='lat' dir='ltr'>pro</span> 
     </span>
    </p>

    <p class='ocr_par' dir='ltr' id='par_1_19' title="bbox 1042 374 1832 566">
     <span class='ocr_line' id='line_1_45' title="bbox 1072 374 1831 423; baseline -0.004 -11"><span class='ocrx_word' id='word_1_219' title='bbox 1072 377 1216 412; x_wconf 85' lang='lat' dir='ltr'>Othone</span> <span class='ocrx_word' id='word_1_220' title='bbox 1253 376 1470 414; x_wconf 81' lang='lat' dir='ltr'>mitteretur,</span> <span class='ocrx_word' id='word_1_221' title='bbox 1507 374 1576 423; x_wconf 88' lang='lat' dir='ltr'>ipse</span> <span class='ocrx_word' id='word_1_222' title='bbox 1615 374 1831 410; x_wconf 71' lang='lat' dir='ltr'>crescentius</span> 
     </span>
     <span class='ocr_line' id='line_1_46' title="bbox 1042 425 1831 473; baseline -0.003 -10"><span class='ocrx_word' id='word_1_223' title='bbox 1042 442 1044 457; x_wconf 74' lang='lat'><strong>⁴</strong></span> <span class='ocrx_word' id='word_1_224' title='bbox 1074 441 1151 463; x_wconf 84' lang='lat' dir='ltr'>curn</span> <span class='ocrx_word' id='word_1_225' title='bbox 1190 430 1316 463; x_wconf 87' lang='lat' dir='ltr'>Senatu</span> <span class='ocrx_word' id='word_1_226' title='bbox 1344 427 1385 461; x_wconf 84' lang='lat' dir='ltr'>ad</span> <span class='ocrx_word' id='word_1_227' title='bbox 1414 425 1513 473; x_wconf 85' lang='lat' dir='ltr'>pedes</span> <span class='ocrx_word' id='word_1_228' title='bbox 1546 427 1654 472; x_wconf 81' lang='lat' dir='ltr'>Papae</span> <span class='ocrx_word' id='word_1_229' title='bbox 1692 426 1767 461; x_wconf 72' lang='lat' dir='ltr'>veni</span> <span class='ocrx_word' id='word_1_230' title='bbox 1775 438 1831 461; x_wconf 86' lang='lat' dir='ltr'>am</span> 
     </span>
     <span class='ocr_line' id='line_1_47' title="bbox 1042 464 1281 526; baseline -0.005 -14"><span class='ocrx_word' id='word_1_231' title='bbox 1042 464 1045 520; x_wconf 83' lang='lat'>3</span> <span class='ocrx_word' id='word_1_232' title='bbox 1073 477 1281 526; x_wconf 89' lang='lat' dir='ltr'>postulavit.</span> 
     </span>
     <span class='ocr_line' id='line_1_48' title="bbox 1042 524 1832 566; baseline -0.003 -2"><span class='ocrx_word' id='word_1_233' title='bbox 1042 524 1044 566; x_wconf 88' lang='lat'>3</span> <span class='ocrx_word' id='word_1_234' title='bbox 1074 528 1160 563; x_wconf 86' lang='lat' dir='ltr'>sedit</span> <span class='ocrx_word' id='word_1_235' title='bbox 1197 540 1305 563; x_wconf 89' lang='lat' dir='ltr'>annos</span> <span class='ocrx_word' id='word_1_236' title='bbox 1342 529 1388 562; x_wconf 88' lang='lat'>11.</span> <span class='ocrx_word' id='word_1_237' title='bbox 1426 525 1556 561; x_wconf 81' lang='lat' dir='ltr'>menses</span> <span class='ocrx_word' id='word_1_238' title='bbox 1595 529 1638 561; x_wconf 86' lang='lat' dir='ltr'>V.</span> <span class='ocrx_word' id='word_1_239' title='bbox 1676 527 1832 562; x_wconf 66' lang='lat' dir='ltr'>cessavit</span> 
     </span>
    </p>
   </div>
   <div class='ocr_carea' id='block_1_18' title="bbox 1323 475 1833 540">
    <p class='ocr_par' dir='ltr' id='par_1_20' title="bbox 1323 475 1833 540">
     <span class='ocr_line' id='line_1_49' title="bbox 1323 475 1833 540; baseline 0.002 -29"><span class='ocrx_word' id='word_1_240' title='bbox 1323 477 1525 540; x_wconf 76' lang='lat' dir='ltr'>Gregorius</span> <span class='ocrx_word' id='word_1_241' title='bbox 1555 475 1698 510; x_wconf 71' lang='lat' dir='ltr'>natione</span> <span class='ocrx_word' id='word_1_242' title='bbox 1741 479 1833 512; x_wconf 84' lang='lat' dir='ltr'>Sxo</span> 
     </span>
    </p>
   </div>
   <div class='ocr_carea' id='block_1_19' title="bbox 1042 577 1833 677">
    <p class='ocr_par' dir='ltr' id='par_1_21' title="bbox 1073 577 1833 677">
     <span class='ocr_line' id='line_1_50' title="bbox 1073 577 1831 636; baseline -0.001 -22"><span class='ocrx_word' id='word_1_243' title='bbox 1073 577 1296 636; x_wconf 83' lang='lat' dir='ltr'>Episcopatus</span> <span class='ocrx_word' id='word_1_244' title='bbox 1346 577 1415 613; x_wconf 83' lang='lat' dir='ltr'>dies</span> <span class='ocrx_word' id='word_1_245' title='bbox 1467 579 1544 613; x_wconf 88' lang='lat' dir='ltr'>XV.</span> <span class='ocrx_word' id='word_1_246' title='bbox 1592 579 1661 612; x_wconf 86' lang='lat' dir='ltr'>Hie</span> <span class='ocrx_word' id='word_1_247' title='bbox 1713 579 1831 613; x_wconf 72' lang='grc' dir='ltr'>Βωῑο</span> 
     </span>
     <span class='ocr_line' id='line_1_51' title="bbox 1042 627 1833 677; baseline -0.004 -11.874"><span class='ocrx_word' id='word_1_248' title='bbox 1042 632 1165 677; x_wconf 85' lang='lat' dir='ltr'>prius</span> <span class='ocrx_word' id='word_1_249' title='bbox 1202 638 1369 668; x_wconf 81' lang='lat' dir='ltr'>vocatus,</span> <span class='ocrx_word' id='word_1_250' title='bbox 1407 627 1680 676; x_wconf 78' lang='lat' dir='ltr'>consanguineus</span> <span class='ocrx_word' id='word_1_251' title='bbox 1719 630 1813 675; x_wconf 71' lang='lat' dir='ltr'>impe</span> <span class='ocrx_word' id='word_1_252' title='bbox 1816 648 1833 655; x_wconf 91' lang='lat'><em>-</em></span> 
     </span>
    </p>
   </div>
   <div class='ocr_carea' id='block_1_20' title="bbox 1042 678 1831 727">
    <p class='ocr_par' dir='ltr' id='par_1_22' title="bbox 1042 678 1831 727">
     <span class='ocr_line' id='line_1_52' title="bbox 1042 678 1831 727; baseline -0.004 -11"><span class='ocrx_word' id='word_1_253' title='bbox 1042 679 1043 689; x_wconf 61' lang='lat'>³</span> <span class='ocrx_word' id='word_1_254' title='bbox 1073 679 1196 716; x_wconf 73' lang='lat' dir='ltr'>tatoris</span> <span class='ocrx_word' id='word_1_255' title='bbox 1233 679 1274 714; x_wconf 86' lang='lat' dir='ltr'>ad</span> <span class='ocrx_word' id='word_1_256' title='bbox 1311 678 1399 714; x_wconf 72' lang='lat' dir='ltr'>diffi</span> <span class='ocrx_word' id='word_1_257' title='bbox 1437 679 1662 727; x_wconf 80' lang='lat' dir='ltr'>Imperatoris</span> <span class='ocrx_word' id='word_1_258' title='bbox 1705 679 1831 715; x_wconf 74' lang='lat' dir='ltr'>instan-</span> 
     </span>
    </p>
   </div>
   <div class='ocr_carea' id='block_1_21' title="bbox 1042 862 1045 896">
    <p class='ocr_par' dir='ltr' id='par_1_23' title="bbox 1042 862 1045 896">
     <span class='ocr_line' id='line_1_53' title="bbox 1042 862 1045 876; baseline 0 0"><span class='ocrx_word' id='word_1_259' title='bbox 1042 862 1045 876; x_wconf 86' lang='grc'>1</span> 
     </span>
     <span class='ocr_line' id='line_1_54' title="bbox 1043 879 1045 896; baseline 0 0"><span class='ocrx_word' id='word_1_260' title='bbox 1043 879 1045 896; x_wconf 89' lang='lat'>3</span> 
     </span>
    </p>
   </div>
   <div class='ocr_carea' id='block_1_22' title="bbox 1043 1013 1046 1028">
    <p class='ocr_par' dir='ltr' id='par_1_24' title="bbox 1043 1013 1046 1028">
     <span class='ocr_line' id='line_1_55' title="bbox 1043 1013 1046 1028; baseline 0 0"><span class='ocrx_word' id='word_1_261' title='bbox 1043 1013 1046 1028; x_wconf 84' lang='lat'>1</span> 
     </span>
    </p>
   </div>
   <div class='ocr_carea' id='block_1_23' title="bbox 1044 1100 1047 1134">
    <p class='ocr_par' dir='ltr' id='par_1_25' title="bbox 1044 1100 1047 1134">
     <span class='ocr_line' id='line_1_56' title="bbox 1044 1100 1047 1134; baseline 0 0"><span class='ocrx_word' id='word_1_262' title='bbox 1044 1100 1047 1134; x_wconf 87' lang='lat'>3</span> 
     </span>
    </p>
   </div>
   <div class='ocr_carea' id='block_1_24' title="bbox 1042 802 1050 1460">
    <p class='ocr_par' dir='ltr' id='par_1_26' title="bbox 1042 802 1050 1460">
     <span class='ocr_line' id='line_1_57' title="bbox 1042 802 1050 1460; baseline 0 0"><span class='ocrx_word' id='word_1_263' title='bbox 1042 802 1050 1460; x_wconf 95' lang='lat' dir='ltr'> </span> 
     </span>
    </p>
   </div>
   <div class='ocr_carea' id='block_1_25' title="bbox 1007 1460 1089 1813">
    <p class='ocr_par' dir='ltr' id='par_1_27' title="bbox 1007 1460 1089 1803">
     <span class='ocr_line' id='line_1_58' title="bbox 1007 1460 1089 1720; baseline 0 0"><span class='ocrx_word' id='word_1_264' title='bbox 1007 1460 1089 1720; x_wconf 89' lang='lat'>3</span> 
     </span>
     <span class='ocr_line' id='line_1_59' title="bbox 1043 1721 1047 1813; baseline 0 -10"><span class='ocrx_word' id='word_1_265' title='bbox 1043 1721 1047 1813; x_wconf 91' lang='lat'>3</span> 
     </span>
    </p>
   </div>
   <div class='ocr_carea' id='block_1_26' title="bbox 1043 2495 1477 2552">
    <p class='ocr_par' dir='ltr' id='par_1_28' title="bbox 1043 2495 1477 2552">
     <span class='ocr_line' id='line_1_60' title="bbox 1043 2495 1477 2552; baseline 0.005 -22"><span class='ocrx_word' id='word_1_266' title='bbox 1043 2520 1045 2552; x_wconf 82' lang='grc'>4</span> <span class='ocrx_word' id='word_1_267' title='bbox 1073 2495 1136 2531; x_wconf 73' lang='lat' dir='ltr'>stez</span> <span class='ocrx_word' id='word_1_268' title='bbox 1177 2498 1250 2532; x_wconf 83' lang='lat' dir='ltr'>Rex</span> <span class='ocrx_word' id='word_1_269' title='bbox 1290 2497 1477 2533; x_wconf 68' lang='lat' dir='ltr'>franciae.</span> 
     </span>
    </p>
   </div>
   <div class='ocr_carea' id='block_1_27' title="bbox 1041 2564 1047 2589">
    <p class='ocr_par' dir='ltr' id='par_1_29' title="bbox 1041 2564 1047 2589">
     <span class='ocr_line' id='line_1_61' title="bbox 1041 2564 1047 2589; baseline 0 0"><span class='ocrx_word' id='word_1_270' title='bbox 1041 2564 1047 2589; x_wconf 80' lang='lat' dir='ltr'>l</span> 
     </span>
    </p>
   </div>
   <div class='ocr_carea' id='block_1_28' title="bbox 1074 730 1831 777">
    <p class='ocr_par' dir='ltr' id='par_1_30' title="bbox 1074 730 1831 777">
     <span class='ocr_line' id='line_1_62' title="bbox 1074 730 1831 777; baseline -0.001 -11"><span class='ocrx_word' id='word_1_271' title='bbox 1074 730 1160 766; x_wconf 86' lang='lat' dir='ltr'>tiam</span> <span class='ocrx_word' id='word_1_272' title='bbox 1198 730 1327 766; x_wconf 57' lang='lat' dir='ltr'>elegius</span> <span class='ocrx_word' id='word_1_273' title='bbox 1363 730 1431 773; x_wconf 86' lang='lat' dir='ltr'>est,</span> <span class='ocrx_word' id='word_1_274' title='bbox 1467 731 1499 764; x_wconf 82' lang='lat'>&amp;</span> <span class='ocrx_word' id='word_1_275' title='bbox 1538 731 1580 764; x_wconf 80' lang='lat' dir='ltr'>ab</span> <span class='ocrx_word' id='word_1_276' title='bbox 1617 730 1683 765; x_wconf 89' lang='lat' dir='ltr'>illo</span> <span class='ocrx_word' id='word_1_277' title='bbox 1717 730 1831 777; x_wconf 79' lang='lat' dir='ltr'>postea.</span> 
     </span>
    </p>
   </div>
   <div class='ocr_carea' id='block_1_29' title="bbox 1043 779 1831 829">
    <p class='ocr_par' dir='ltr' id='par_1_31' title="bbox 1043 779 1831 829">
     <span class='ocr_line' id='line_1_63' title="bbox 1043 779 1831 829; baseline 0 -13"><span class='ocrx_word' id='word_1_278' title='bbox 1043 780 1296 827; x_wconf 70' lang='lat' dir='ltr'>&#39;imperialem</span> <span class='ocrx_word' id='word_1_279' title='bbox 1340 779 1619 815; x_wconf 67' lang='lat' dir='ltr'>benediffionem</span> <span class='ocrx_word' id='word_1_280' title='bbox 1666 781 1831 829; x_wconf 86' lang='lat' dir='ltr'>accepit.</span> 
     </span>
    </p>
   </div>
   <div class='ocr_carea' id='block_1_30' title="bbox 1074 830 1832 930">
    <p class='ocr_par' dir='ltr' id='par_1_32' title="bbox 1074 830 1832 930">
     <span class='ocr_line' id='line_1_64' title="bbox 1077 830 1832 879; baseline 0 -13"><span class='ocrx_word' id='word_1_281' title='bbox 1077 832 1226 867; x_wconf 85' lang='lat' dir='ltr'>Romani</span> <span class='ocrx_word' id='word_1_282' title='bbox 1264 840 1378 866; x_wconf 86' lang='lat' dir='ltr'>autem</span> <span class='ocrx_word' id='word_1_283' title='bbox 1417 830 1555 866; x_wconf 86' lang='lat' dir='ltr'>absente</span> <span class='ocrx_word' id='word_1_284' title='bbox 1593 830 1832 879; x_wconf 78' lang='lat' dir='ltr'>Imperatore,</span> 
     </span>
     <span class='ocr_line' id='line_1_65' title="bbox 1074 881 1832 930; baseline 0 -13"><span class='ocrx_word' id='word_1_285' title='bbox 1074 884 1242 930; x_wconf 78' lang='lat' dir='ltr'>Gregorio</span> <span class='ocrx_word' id='word_1_286' title='bbox 1271 881 1370 917; x_wconf 83' lang='lat' dir='ltr'>Urbe</span> <span class='ocrx_word' id='word_1_287' title='bbox 1398 881 1517 929; x_wconf 87' lang='lat' dir='ltr'>pulso,</span> <span class='ocrx_word' id='word_1_288' title='bbox 1544 882 1735 925; x_wconf 74' lang='lat' dir='ltr'>johannem</span> <span class='ocrx_word' id='word_1_289' title='bbox 1769 883 1832 917; x_wconf 83' lang='lat' dir='ltr'>Pa-</span> 
     </span>
    </p>
   </div>
   <div class='ocr_carea' id='block_1_31' title="bbox 1043 931 1832 980">
    <p class='ocr_par' dir='ltr' id='par_1_33' title="bbox 1043 931 1832 980">
     <span class='ocr_line' id='line_1_66' title="bbox 1043 931 1832 980; baseline 0.001 -14"><span class='ocrx_word' id='word_1_290' title='bbox 1043 946 1151 980; x_wconf 82' lang='lat' dir='ltr'>·pam</span> <span class='ocrx_word' id='word_1_291' title='bbox 1195 931 1453 980; x_wconf 88' lang='lat' dir='ltr'>praefecerunt,</span> <span class='ocrx_word' id='word_1_292' title='bbox 1495 931 1706 979; x_wconf 83' lang='lat' dir='ltr'>Episcopum</span> <span class='ocrx_word' id='word_1_293' title='bbox 1753 933 1832 967; x_wconf 72' lang='lat' dir='ltr'>Pla-</span> 
     </span>
    </p>
   </div>
   <div class='ocr_carea' id='block_1_32' title="bbox 1044 981 1835 1179">
    <p class='ocr_par' dir='ltr' id='par_1_34' title="bbox 1076 981 1835 1179">
     <span class='ocr_line' id='line_1_67' title="bbox 1076 981 1832 1029; baseline 0.001 -13"><span class='ocrx_word' id='word_1_294' title='bbox 1076 982 1280 1025; x_wconf 82' lang='lat' dir='ltr'>centinum,</span> <span class='ocrx_word' id='word_1_295' title='bbox 1308 982 1349 1016; x_wconf 89' lang='lat' dir='ltr'>de</span> <span class='ocrx_word' id='word_1_296' title='bbox 1376 982 1553 1029; x_wconf 81' lang='lat' dir='ltr'>legatione</span> <span class='ocrx_word' id='word_1_297' title='bbox 1580 981 1832 1017; x_wconf 70' lang='lat' dir='ltr'>Constantino-</span> 
     </span>
     <span class='ocr_line' id='line_1_68' title="bbox 1076 1032 1832 1079; baseline 0.001 -13"><span class='ocrx_word' id='word_1_298' title='bbox 1076 1032 1232 1079; x_wconf 81' lang='lat' dir='ltr'>politana</span> <span class='ocrx_word' id='word_1_299' title='bbox 1260 1044 1338 1066; x_wconf 88' lang='lat' dir='ltr'>curn</span> <span class='ocrx_word' id='word_1_300' title='bbox 1367 1043 1491 1079; x_wconf 78' lang='lat' dir='ltr'>magna</span> <span class='ocrx_word' id='word_1_301' title='bbox 1520 1035 1662 1079; x_wconf 84' lang='lat' dir='ltr'>pecunia</span> <span class='ocrx_word' id='word_1_302' title='bbox 1690 1032 1832 1067; x_wconf 83' lang='lat' dir='ltr'>redeun-</span> 
     </span>
     <span class='ocr_line' id='line_1_69' title="bbox 1076 1082 1832 1130; baseline 0.001 -13"><span class='ocrx_word' id='word_1_303' title='bbox 1076 1093 1167 1118; x_wconf 80' lang='lat' dir='ltr'>tem.</span> <span class='ocrx_word' id='word_1_304' title='bbox 1209 1084 1403 1130; x_wconf 79' lang='lat' dir='ltr'>Imperator</span> <span class='ocrx_word' id='word_1_305' title='bbox 1439 1091 1554 1117; x_wconf 85' lang='lat' dir='ltr'>autem</span> <span class='ocrx_word' id='word_1_306' title='bbox 1592 1082 1749 1122; x_wconf 83' lang='lat' dir='ltr'>rediens,</span> <span class='ocrx_word' id='word_1_307' title='bbox 1789 1082 1832 1118; x_wconf 81' lang='lat' dir='ltr'>de</span> 
     </span>
     <span class='ocr_line' id='line_1_70' title="bbox 1044 1131 1835 1179; baseline 0 -11"><span class='ocrx_word' id='word_1_308' title='bbox 1044 1131 1277 1173; x_wconf 82' lang='lat' dir='ltr'>3adversariis</span> <span class='ocrx_word' id='word_1_309' title='bbox 1318 1131 1491 1167; x_wconf 84' lang='lat' dir='ltr'>ultionem</span> <span class='ocrx_word' id='word_1_310' title='bbox 1534 1132 1706 1179; x_wconf 84' lang='lat' dir='ltr'>expetiit,</span> <span class='ocrx_word' id='word_1_311' title='bbox 1746 1135 1835 1168; x_wconf 84' lang='lat' dir='ltr'>Gre-</span> 
     </span>
    </p>
   </div>
   <div class='ocr_carea' id='block_1_33' title="bbox 1005 1181 1834 1240">
    <p class='ocr_par' dir='ltr' id='par_1_35' title="bbox 1005 1181 1834 1240">
     <span class='ocr_line' id='line_1_71' title="bbox 1005 1181 1834 1240; baseline 0 -22"><span class='ocrx_word' id='word_1_312' title='bbox 1005 1182 1047 1240; x_wconf 90' lang='grc'>,4</span> <span class='ocrx_word' id='word_1_313' title='bbox 1076 1186 1207 1231; x_wconf 76' lang='lat' dir='ltr'>gotium</span> <span class='ocrx_word' id='word_1_314' title='bbox 1234 1183 1403 1225; x_wconf 84' lang='lat' dir='ltr'>restituit,</span> <span class='ocrx_word' id='word_1_315' title='bbox 1431 1181 1620 1227; x_wconf 75' lang='lat' dir='ltr'>johannem</span> <span class='ocrx_word' id='word_1_316' title='bbox 1649 1185 1684 1217; x_wconf 84' lang='lat' dir='ltr'>in</span> <span class='ocrx_word' id='word_1_317' title='bbox 1711 1183 1834 1218; x_wconf 83' lang='lat' dir='ltr'>Castro</span> 
     </span>
    </p>
   </div>
   <div class='ocr_carea' id='block_1_34' title="bbox 1074 1233 1836 2636">
    <p class='ocr_par' dir='ltr' id='par_1_36' title="bbox 1074 1233 1836 2636">
     <span class='ocr_line' id='line_1_72' title="bbox 1076 1233 1834 1281; baseline 0 -12"><span class='ocrx_word' id='word_1_318' title='bbox 1076 1234 1193 1270; x_wconf 70' lang='lat' dir='ltr'>Samffi</span> <span class='ocrx_word' id='word_1_319' title='bbox 1235 1233 1367 1281; x_wconf 85' lang='lat' dir='ltr'>Angeli</span> <span class='ocrx_word' id='word_1_320' title='bbox 1410 1233 1577 1268; x_wconf 72' lang='lat' dir='ltr'>obsessum</span> <span class='ocrx_word' id='word_1_321' title='bbox 1618 1234 1652 1268; x_wconf 79' lang='lat'>8&lt;</span> <span class='ocrx_word' id='word_1_322' title='bbox 1695 1242 1834 1281; x_wconf 83' lang='lat' dir='ltr'>captum</span> 
     </span>
     <span class='ocr_line' id='line_1_73' title="bbox 1076 1282 1835 1327; baseline 0 -7"><span class='ocrx_word' id='word_1_323' title='bbox 1076 1284 1253 1320; x_wconf 77' lang='lat' dir='ltr'>exoculari</span> <span class='ocrx_word' id='word_1_324' title='bbox 1290 1284 1396 1325; x_wconf 79' lang='lat' dir='ltr'>fecit,</span> <span class='ocrx_word' id='word_1_325' title='bbox 1425 1282 1462 1319; x_wconf 82' lang='lat'>&amp;</span> <span class='ocrx_word' id='word_1_326' title='bbox 1501 1283 1681 1327; x_wconf 74' lang='lat' dir='ltr'>mutilari,</span> <span class='ocrx_word' id='word_1_327' title='bbox 1709 1286 1740 1318; x_wconf 73' lang='grc' dir='ltr'>ἃ</span> <span class='ocrx_word' id='word_1_328' title='bbox 1771 1285 1835 1320; x_wconf 76' lang='lat' dir='ltr'>ali-</span> 
     </span>
     <span class='ocr_line' id='line_1_74' title="bbox 1076 1333 1834 1382; baseline 0.004 -14"><span class='ocrx_word' id='word_1_329' title='bbox 1076 1348 1162 1382; x_wconf 76' lang='lat' dir='ltr'>quos</span> <span class='ocrx_word' id='word_1_330' title='bbox 1193 1335 1339 1370; x_wconf 79' lang='lat' dir='ltr'>Nobiles</span> <span class='ocrx_word' id='word_1_331' title='bbox 1370 1337 1543 1369; x_wconf 81' lang='lat' dir='ltr'>Romanos</span> <span class='ocrx_word' id='word_1_332' title='bbox 1572 1333 1681 1369; x_wconf 79' lang='lat' dir='ltr'>secum</span> <span class='ocrx_word' id='word_1_333' title='bbox 1710 1334 1834 1371; x_wconf 80' lang='lat' dir='ltr'>duxit.</span> 
     </span>
     <span class='ocr_line' id='line_1_75' title="bbox 1076 1384 1835 1430; baseline 0.001 -10"><span class='ocrx_word' id='word_1_334' title='bbox 1076 1386 1247 1430; x_wconf 63' lang='lat' dir='ltr'>Iohannes</span> <span class='ocrx_word' id='word_1_335' title='bbox 1276 1386 1419 1420; x_wconf 82' lang='lat' dir='ltr'>natione</span> <span class='ocrx_word' id='word_1_336' title='bbox 1446 1387 1600 1420; x_wconf 74' lang='lat' dir='ltr'>Graecus</span> <span class='ocrx_word' id='word_1_337' title='bbox 1631 1384 1715 1420; x_wconf 79' lang='lat' dir='ltr'>sedit</span> <span class='ocrx_word' id='word_1_338' title='bbox 1742 1399 1835 1421; x_wconf 88' lang='lat' dir='ltr'>men-</span> 
     </span>
     <span class='ocr_line' id='line_1_76' title="bbox 1077 1435 1836 1483; baseline 0.001 -12"><span class='ocrx_word' id='word_1_339' title='bbox 1077 1440 1124 1472; x_wconf 79' lang='lat' dir='ltr'>ses</span> <span class='ocrx_word' id='word_1_340' title='bbox 1154 1439 1195 1471; x_wconf 87' lang='lat' dir='ltr'>X.</span> <span class='ocrx_word' id='word_1_341' title='bbox 1224 1436 1266 1471; x_wconf 81' lang='lat' dir='ltr'>ab</span> <span class='ocrx_word' id='word_1_342' title='bbox 1296 1438 1507 1483; x_wconf 71' lang='lat' dir='ltr'>Imperatore</span> <span class='ocrx_word' id='word_1_343' title='bbox 1534 1436 1741 1471; x_wconf 75' lang='lat' dir='ltr'>damnatus.</span> <span class='ocrx_word' id='word_1_344' title='bbox 1771 1435 1836 1472; x_wconf 83' lang='lat' dir='ltr'>Vi-</span> 
     </span>
     <span class='ocr_line' id='line_1_77' title="bbox 1081 1485 1833 1534; baseline 0.001 -12.025"><span class='ocrx_word' id='word_1_345' title='bbox 1081 1496 1179 1522; x_wconf 72' lang='lat' dir='ltr'>vente</span> <span class='ocrx_word' id='word_1_346' title='bbox 1207 1499 1354 1533; x_wconf 79' lang='lat' dir='ltr'>namque</span> <span class='ocrx_word' id='word_1_347' title='bbox 1381 1485 1554 1534; x_wconf 78' lang='lat' dir='ltr'>Gregorio</span> <span class='ocrx_word' id='word_1_348' title='bbox 1581 1486 1658 1521; x_wconf 69' lang='lat' dir='ltr'>data</span> <span class='ocrx_word' id='word_1_349' title='bbox 1689 1487 1833 1533; x_wconf 52' lang='lat' dir='ltr'>pecunia</span> 
     </span>
     <span class='ocr_line' id='line_1_78' title="bbox 1077 1536 1834 1586; baseline -0.001 -13"><span class='ocrx_word' id='word_1_350' title='bbox 1077 1550 1135 1586; x_wconf 89' lang='lat' dir='ltr'>per</span> <span class='ocrx_word' id='word_1_351' title='bbox 1162 1536 1349 1573; x_wconf 84' lang='lat' dir='ltr'>Consulem</span> <span class='ocrx_word' id='word_1_352' title='bbox 1379 1536 1489 1572; x_wconf 82' lang='lat' dir='ltr'>Urbis</span> <span class='ocrx_word' id='word_1_353' title='bbox 1518 1545 1650 1571; x_wconf 83' lang='lat' dir='ltr'>creatus</span> <span class='ocrx_word' id='word_1_354' title='bbox 1678 1537 1742 1572; x_wconf 85' lang='lat' dir='ltr'>est.</span> <span class='ocrx_word' id='word_1_355' title='bbox 1770 1539 1834 1573; x_wconf 77' lang='lat' dir='ltr'>Sil-</span> 
     </span>
     <span class='ocr_line' id='line_1_79' title="bbox 1076 1586 1833 1624; baseline 0.003 -3"><span class='ocrx_word' id='word_1_356' title='bbox 1076 1587 1184 1623; x_wconf 79' lang='lat' dir='ltr'>vester</span> <span class='ocrx_word' id='word_1_357' title='bbox 1220 1588 1363 1622; x_wconf 86' lang='lat' dir='ltr'>natione</span> <span class='ocrx_word' id='word_1_358' title='bbox 1402 1587 1561 1622; x_wconf 81' lang='lat' dir='ltr'>Gallicus</span> <span class='ocrx_word' id='word_1_359' title='bbox 1599 1586 1685 1622; x_wconf 75' lang='lat' dir='ltr'>sedit</span> <span class='ocrx_word' id='word_1_360' title='bbox 1725 1600 1833 1624; x_wconf 80' lang='lat' dir='ltr'>annos</span> 
     </span>
     <span class='ocr_line' id='line_1_80' title="bbox 1078 1637 1834 1675; baseline 0.004 -3"><span class='ocrx_word' id='word_1_361' title='bbox 1078 1640 1140 1673; x_wconf 87' lang='lat' dir='ltr'>IV.</span> <span class='ocrx_word' id='word_1_362' title='bbox 1178 1637 1328 1672; x_wconf 86' lang='lat' dir='ltr'>mensem</span> <span class='ocrx_word' id='word_1_363' title='bbox 1368 1638 1393 1672; x_wconf 79' lang='grc' dir='ltr'>Ι.</span> <span class='ocrx_word' id='word_1_364' title='bbox 1430 1637 1503 1672; x_wconf 84' lang='lat' dir='ltr'>dies</span> <span class='ocrx_word' id='word_1_365' title='bbox 1540 1639 1639 1672; x_wconf 72' lang='lat' dir='ltr'>Vnt.</span> <span class='ocrx_word' id='word_1_366' title='bbox 1679 1639 1834 1675; x_wconf 70' lang='lat' dir='ltr'>Ceffavit</span> 
     </span>
     <span class='ocr_line' id='line_1_81' title="bbox 1078 1687 1834 1736; baseline 0 -12"><span class='ocrx_word' id='word_1_367' title='bbox 1078 1687 1305 1736; x_wconf 81' lang='lat' dir='ltr'>Episcopatus</span> <span class='ocrx_word' id='word_1_368' title='bbox 1341 1687 1412 1723; x_wconf 71' lang='lat' dir='ltr'>dies</span> <span class='ocrx_word' id='word_1_369' title='bbox 1451 1689 1566 1724; x_wconf 70' lang='lat' dir='ltr'>xxii.</span> <span class='ocrx_word' id='word_1_370' title='bbox 1603 1690 1671 1724; x_wconf 75' lang='lat' dir='ltr'>Hi:</span> <span class='ocrx_word' id='word_1_371' title='bbox 1702 1701 1720 1724; x_wconf 87' lang='lat' dir='ltr'>a</span> <span class='ocrx_word' id='word_1_372' title='bbox 1751 1691 1834 1725; x_wconf 76' lang='lat' dir='ltr'>Pro-</span> 
     </span>
     <span class='ocr_line' id='line_1_82' title="bbox 1076 1738 1832 1785; baseline 0.004 -13"><span class='ocrx_word' id='word_1_373' title='bbox 1076 1739 1192 1774; x_wconf 71' lang='lat' dir='ltr'>vincia</span> <span class='ocrx_word' id='word_1_374' title='bbox 1229 1738 1317 1785; x_wconf 86' lang='lat' dir='ltr'>apud</span> <span class='ocrx_word' id='word_1_375' title='bbox 1346 1739 1537 1774; x_wconf 68' lang='lat' dir='ltr'>floriacum</span> <span class='ocrx_word' id='word_1_376' title='bbox 1575 1739 1747 1775; x_wconf 71' lang='lat' dir='ltr'>adolevit.</span> <span class='ocrx_word' id='word_1_377' title='bbox 1786 1742 1832 1775; x_wconf 83' lang='grc' dir='ltr'>Ε-</span> 
     </span>
     <span class='ocr_line' id='line_1_83' title="bbox 1076 1788 1831 1833; baseline 0.005 -11"><span class='ocrx_word' id='word_1_378' title='bbox 1076 1788 1181 1823; x_wconf 72' lang='lat' dir='ltr'>xinde</span> <span class='ocrx_word' id='word_1_379' title='bbox 1208 1788 1404 1823; x_wconf 72' lang='lat' dir='ltr'>claustrum</span> <span class='ocrx_word' id='word_1_380' title='bbox 1437 1789 1578 1833; x_wconf 83' lang='lat' dir='ltr'>exiens,</span> <span class='ocrx_word' id='word_1_381' title='bbox 1606 1790 1729 1825; x_wconf 74' lang='lat' dir='ltr'>&#39;soleti</span> <span class='ocrx_word' id='word_1_382' title='bbox 1766 1791 1831 1826; x_wconf 68' lang='lat' dir='ltr'>stu-</span> 
     </span>
     <span class='ocr_line' id='line_1_84' title="bbox 1075 1838 1831 1885; baseline 0.004 -12"><span class='ocrx_word' id='word_1_383' title='bbox 1075 1838 1172 1875; x_wconf 81' lang='lat' dir='ltr'>duit.</span> <span class='ocrx_word' id='word_1_384' title='bbox 1209 1838 1444 1885; x_wconf 78' lang='lat' dir='ltr'>Quadrivium</span> <span class='ocrx_word' id='word_1_385' title='bbox 1481 1840 1532 1874; x_wconf 85' lang='lat' dir='ltr'>ita</span> <span class='ocrx_word' id='word_1_386' title='bbox 1568 1840 1698 1877; x_wconf 79' lang='lat' dir='ltr'>ebibit,</span> <span class='ocrx_word' id='word_1_387' title='bbox 1729 1850 1768 1876; x_wconf 75' lang='lat' dir='ltr'>ut</span> <span class='ocrx_word' id='word_1_388' title='bbox 1796 1843 1831 1876; x_wconf 81' lang='lat' dir='ltr'>in</span> 
     </span>
     <span class='ocr_line' id='line_1_85' title="bbox 1074 1889 1832 1938; baseline 0.004 -14"><span class='ocrx_word' id='word_1_389' title='bbox 1074 1889 1194 1925; x_wconf 84' lang='lat' dir='ltr'>Gallia</span> <span class='ocrx_word' id='word_1_390' title='bbox 1228 1898 1412 1925; x_wconf 83' lang='lat' dir='ltr'>renovaret</span> <span class='ocrx_word' id='word_1_391' title='bbox 1446 1889 1553 1926; x_wconf 80' lang='lat' dir='ltr'>etiam</span> <span class='ocrx_word' id='word_1_392' title='bbox 1590 1890 1832 1938; x_wconf 75' lang='lat' dir='ltr'>superstitiosas</span> 
     </span>
     <span class='ocr_line' id='line_1_86' title="bbox 1076 1939 1830 1978; baseline 0.004 -3"><span class='ocrx_word' id='word_1_393' title='bbox 1076 1949 1188 1976; x_wconf 78' lang='lat' dir='ltr'>artes.</span> <span class='ocrx_word' id='word_1_394' title='bbox 1231 1941 1278 1975; x_wconf 80' lang='lat' dir='ltr'>Et</span> <span class='ocrx_word' id='word_1_395' title='bbox 1319 1940 1471 1976; x_wconf 84' lang='lat' dir='ltr'>tamdem</span> <span class='ocrx_word' id='word_1_396' title='bbox 1509 1939 1680 1976; x_wconf 77' lang='lat' dir='ltr'>codicem</span> <span class='ocrx_word' id='word_1_397' title='bbox 1720 1943 1830 1978; x_wconf 74' lang='lat' dir='ltr'>totius</span> 
     </span>
     <span class='ocr_line' id='line_1_87' title="bbox 1078 1990 1832 2040; baseline 0.003 -14"><span class='ocrx_word' id='word_1_398' title='bbox 1078 1991 1176 2026; x_wconf 82' lang='lat' dir='ltr'>Artis</span> <span class='ocrx_word' id='word_1_399' title='bbox 1204 1990 1454 2038; x_wconf 77' lang='lat' dir='ltr'>conscriptum,</span> <span class='ocrx_word' id='word_1_400' title='bbox 1483 2004 1501 2026; x_wconf 86' lang='lat' dir='ltr'>a</span> <span class='ocrx_word' id='word_1_401' title='bbox 1529 1993 1588 2026; x_wconf 76' lang='lat' dir='ltr'>Ma</span> <span class='ocrx_word' id='word_1_402' title='bbox 1574 2005 1626 2040; x_wconf 60' lang='lat' dir='ltr'>„ag</span> <span class='ocrx_word' id='word_1_403' title='bbox 1619 1992 1694 2027; x_wconf 74' lang='lat' dir='ltr'>istro</span> <span class='ocrx_word' id='word_1_404' title='bbox 1715 1992 1767 2028; x_wconf 74' lang='lat' dir='ltr'>fu.-</span> <span class='ocrx_word' id='word_1_405' title='bbox 1754 1997 1794 2027; x_wconf 74' lang='lat' dir='ltr'>t}</span> <span class='ocrx_word' id='word_1_406' title='bbox 1801 2007 1832 2028; x_wconf 86' lang='lat' dir='ltr'>n</span> 
     </span>
     <span class='ocr_line' id='line_1_88' title="bbox 1077 2040 1832 2090; baseline 0.005 -15"><span class='ocrx_word' id='word_1_407' title='bbox 1077 2041 1272 2088; x_wconf 77' lang='lat' dir='ltr'>accipiens,</span> <span class='ocrx_word' id='word_1_408' title='bbox 1309 2040 1445 2089; x_wconf 86' lang='lat' dir='ltr'>aufugit</span> <span class='ocrx_word' id='word_1_409' title='bbox 1481 2042 1513 2076; x_wconf 75' lang='lat'>8&lt;</span> <span class='ocrx_word' id='word_1_410' title='bbox 1550 2041 1755 2090; x_wconf 77' lang='lat' dir='ltr'>Magistrum</span> <span class='ocrx_word' id='word_1_411' title='bbox 1798 2043 1832 2079; x_wconf 86' lang='lat' dir='ltr'>se</span> 
     </span>
     <span class='ocr_line' id='line_1_89' title="bbox 1076 2090 1832 2140; baseline 0.005 -15.12"><span class='ocrx_word' id='word_1_412' title='bbox 1076 2092 1135 2125; x_wconf 69' lang='lat' dir='ltr'>ast</span> <span class='ocrx_word' id='word_1_413' title='bbox 1124 2103 1236 2126; x_wconf 83' lang='lat' dir='ltr'>orum</span> <span class='ocrx_word' id='word_1_414' title='bbox 1266 2090 1398 2138; x_wconf 81' lang='lat' dir='ltr'>judicio</span> <span class='ocrx_word' id='word_1_415' title='bbox 1426 2091 1687 2140; x_wconf 75' lang='lat' dir='ltr'>insequentem,</span> <span class='ocrx_word' id='word_1_416' title='bbox 1715 2094 1832 2129; x_wconf 81' lang='lat' dir='ltr'>eadem</span> 
     </span>
     <span class='ocr_line' id='line_1_90' title="bbox 1076 2140 1831 2193; baseline 0.007 -18"><span class='ocrx_word' id='word_1_417' title='bbox 1076 2140 1203 2176; x_wconf 77' lang='lat' dir='ltr'>fefellit</span> <span class='ocrx_word' id='word_1_418' title='bbox 1232 2140 1396 2182; x_wconf 81' lang='lat' dir='ltr'>scientia,</span> <span class='ocrx_word' id='word_1_419' title='bbox 1431 2143 1550 2178; x_wconf 85' lang='lat' dir='ltr'>locans</span> <span class='ocrx_word' id='word_1_420' title='bbox 1577 2142 1609 2178; x_wconf 84' lang='lat' dir='ltr'>se</span> <span class='ocrx_word' id='word_1_421' title='bbox 1638 2143 1696 2178; x_wconf 90' lang='lat' dir='ltr'>sub</span> <span class='ocrx_word' id='word_1_422' title='bbox 1726 2154 1831 2193; x_wconf 77' lang='lat' dir='ltr'>ponte</span> 
     </span>
     <span class='ocr_line' id='line_1_91' title="bbox 1076 2191 1830 2241; baseline 0.007 -16"><span class='ocrx_word' id='word_1_423' title='bbox 1076 2191 1261 2239; x_wconf 85' lang='lat' dir='ltr'>pendulum</span> <span class='ocrx_word' id='word_1_424' title='bbox 1289 2191 1386 2240; x_wconf 80' lang='lat' dir='ltr'>super</span> <span class='ocrx_word' id='word_1_425' title='bbox 1413 2197 1526 2241; x_wconf 74' lang='lat' dir='ltr'>aquis,</span> <span class='ocrx_word' id='word_1_426' title='bbox 1554 2194 1689 2229; x_wconf 83' lang='lat' dir='ltr'>Habuit</span> <span class='ocrx_word' id='word_1_427' title='bbox 1716 2205 1830 2232; x_wconf 80' lang='lat' dir='ltr'>autem</span> 
     </span>
     <span class='ocr_line' id='line_1_92' title="bbox 1075 2242 1830 2282; baseline 0.007 -5"><span class='ocrx_word' id='word_1_428' title='bbox 1075 2246 1108 2277; x_wconf 86' lang='lat' dir='ltr'>in</span> <span class='ocrx_word' id='word_1_429' title='bbox 1135 2242 1244 2278; x_wconf 84' lang='lat' dir='ltr'>Galiis</span> <span class='ocrx_word' id='word_1_430' title='bbox 1273 2243 1443 2279; x_wconf 83' lang='lat' dir='ltr'>auditores</span> <span class='ocrx_word' id='word_1_431' title='bbox 1472 2243 1636 2280; x_wconf 80' lang='lat' dir='ltr'>solemnes</span> <span class='ocrx_word' id='word_1_432' title='bbox 1663 2246 1830 2282; x_wconf 81' lang='lat' dir='ltr'>Constan-</span> 
     </span>
     <span class='ocr_line' id='line_1_93' title="bbox 1075 2293 1826 2340; baseline 0.004 -11"><span class='ocrx_word' id='word_1_433' title='bbox 1075 2293 1165 2329; x_wconf 84' lang='lat' dir='ltr'>tium</span> <span class='ocrx_word' id='word_1_434' title='bbox 1212 2293 1389 2329; x_wconf 78' lang='lat' dir='ltr'>Abbatern</span> <span class='ocrx_word' id='word_1_435' title='bbox 1435 2295 1551 2331; x_wconf 63' lang='lat' dir='ltr'>Sanffli</span> <span class='ocrx_word' id='word_1_436' title='bbox 1599 2295 1826 2340; x_wconf 82' lang='lat' dir='ltr'>Maximini,</span> 
     </span>
     <span class='ocr_line' id='line_1_94' title="bbox 1074 2344 1826 2393; baseline 0.005 -15"><span class='ocrx_word' id='word_1_437' title='bbox 1074 2344 1278 2392; x_wconf 81' lang='lat' dir='ltr'>Episcopum</span> <span class='ocrx_word' id='word_1_438' title='bbox 1299 2344 1500 2393; x_wconf 86' lang='lat' dir='ltr'>quemdam,</span> <span class='ocrx_word' id='word_1_439' title='bbox 1519 2346 1695 2382; x_wconf 77' lang='lat' dir='ltr'>Othonem</span> <span class='ocrx_word' id='word_1_440' title='bbox 1718 2347 1826 2382; x_wconf 82' lang='lat' dir='ltr'>filium</span> 
     </span>
     <span class='ocr_line' id='line_1_95' title="bbox 1075 2394 1826 2444; baseline 0.004 -15"><span class='ocrx_word' id='word_1_441' title='bbox 1075 2394 1225 2430; x_wconf 68' lang='lat' dir='ltr'>Othonis</span> <span class='ocrx_word' id='word_1_442' title='bbox 1265 2396 1308 2431; x_wconf 77' lang='lat'>11.</span> <span class='ocrx_word' id='word_1_443' title='bbox 1351 2396 1525 2444; x_wconf 80' lang='lat' dir='ltr'>Augusti,</span> <span class='ocrx_word' id='word_1_444' title='bbox 1567 2401 1596 2431; x_wconf 66' lang='grc' dir='ltr'>ὅτ</span> <span class='ocrx_word' id='word_1_445' title='bbox 1635 2398 1826 2433; x_wconf 76' lang='lat' dir='ltr'>Roberrum</span> 
     </span>
     <span class='ocr_line' id='line_1_96' title="bbox 1075 2444 1828 2495; baseline 0.005 -16"><span class='ocrx_word' id='word_1_446' title='bbox 1075 2444 1186 2481; x_wconf 84' lang='lat' dir='ltr'>filiurn</span> <span class='ocrx_word' id='word_1_447' title='bbox 1215 2448 1374 2492; x_wconf 70' lang='lat' dir='ltr'>Huoonis</span> <span class='ocrx_word' id='word_1_448' title='bbox 1403 2447 1560 2494; x_wconf 71' lang='lat' dir='ltr'>Capeth,</span> <span class='ocrx_word' id='word_1_449' title='bbox 1589 2450 1647 2494; x_wconf 85' lang='lat' dir='ltr'>qui</span> <span class='ocrx_word' id='word_1_450' title='bbox 1675 2446 1738 2482; x_wconf 83' lang='lat' dir='ltr'>fuit</span> <span class='ocrx_word' id='word_1_451' title='bbox 1767 2461 1828 2495; x_wconf 91' lang='lat' dir='ltr'>po-</span> 
     </span>
     <span class='ocr_line' id='line_1_97' title="bbox 1515 2497 1828 2542; baseline 0.006 -10"><span class='ocrx_word' id='word_1_452' title='bbox 1515 2499 1634 2542; x_wconf 84' lang='lat' dir='ltr'>Quum</span> <span class='ocrx_word' id='word_1_453' title='bbox 1672 2497 1752 2532; x_wconf 81' lang='lat' dir='ltr'>effer</span> <span class='ocrx_word' id='word_1_454' title='bbox 1788 2499 1828 2534; x_wconf 85' lang='lat' dir='ltr'>in</span> 
     </span>
     <span class='ocr_line' id='line_1_98' title="bbox 1074 2546 1829 2585; baseline 0.003 -2"><span class='ocrx_word' id='word_1_455' title='bbox 1074 2546 1233 2583; x_wconf 67' lang='lat' dir='ltr'>canticis</span> <span class='ocrx_word' id='word_1_456' title='bbox 1270 2549 1371 2583; x_wconf 71' lang='lat' dir='ltr'>Eccic</span> <span class='ocrx_word' id='word_1_457' title='bbox 1364 2547 1513 2584; x_wconf 77' lang='lat' dir='ltr'>fiasticis</span> <span class='ocrx_word' id='word_1_458' title='bbox 1541 2561 1611 2584; x_wconf 87' lang='lat' dir='ltr'>non</span> <span class='ocrx_word' id='word_1_459' title='bbox 1643 2548 1829 2585; x_wconf 83' lang='lat' dir='ltr'>mediocri-</span> 
     </span>
     <span class='ocr_line' id='line_1_99' title="bbox 1165 2600 1780 2636; baseline 0.005 -4"><span class='ocrx_word' id='word_1_460' title='bbox 1165 2600 1185 2632; x_wconf 80' lang='lat' dir='ltr'>S</span> <span class='ocrx_word' id='word_1_461' title='bbox 1212 2610 1226 2632; x_wconf 89' lang='lat' dir='ltr'>s</span> <span class='ocrx_word' id='word_1_462' title='bbox 1256 2609 1276 2633; x_wconf 64' lang='grc' dir='ltr'>τ.</span> <span class='ocrx_word' id='word_1_463' title='bbox 1725 2608 1780 2636; x_wconf 83' lang='lat' dir='ltr'>ter</span> 
     </span>
    </p>
   </div>
  </div>
 </body>
</html>
