2248 3136
264 260 350 306 ιι,
432 245 823 290 mssERTATm
854 245 1056 305 ,ρυιΝρ

202 313 410 350 calatravae
440 310 502 340 διε.
543 305 679 340 Verum
716 303 761 338 de
801 300 857 336 his
898 302 962 337 alii

205 357 399 411 plemffime
425 363 593 405 egerunt.
628 356 704 402 Ego
738 351 795 388 his
820 350 962 388 dimssssis

203 409 339 457 aliquid
380 408 500 454 potius
541 403 765 441 adferendum
801 410 886 450 puto
921 403 964 439 de

202 459 344 509 origine
371 459 568 503 Infignium‚
598 466 688 502 quae
717 465 810 488 nunc
841 453 964 490 Italice

204 512 329 551 Arni,
357 513 388 544 ὁε
416 512 517 542 Arme
541 506 781 554 appellamu53
813 517 891 539 nam
923 505 964 541 ab

206 560 372 598 Rabienus
414 556 690 593 commemorata
726 555 869 590 Militia
908 569 950 592 eo

201 624 281 648 rum
320 609 498 645 institutio
535 621 575 643 ac
607 605 685 642 usus
720 605 888 654 petendus
914 608 965 643 vi-

204 662 327 698 detur.
366 661 449 696 Non
486 658 517 694 is
544 657 641 702 sum,
668 656 733 705 qui
759 655 965 704 disputatio-

206 724 287 749 nem
324 709 468 759 aggredi
503 708 613 744 velim
649 721 669 743 a
706 708 827 743 multis
857 708 968 756 agita-

206 771 280 799 tam
299 789 309 805 ,
340 760 512 797 nimirum
539 758 639 794 fit-ne
666 757 852 794 tribuenda
879 758 968 794 anti-

207 816 285 859 quis
318 810 512 854 Hebraeis,
538 807 706 848 Graecis‚
734 808 898 852 Latinis,
935 822 969 844 a·

209 862 337 911 liisque
365 860 571 897 florentibus
596 867 678 895 ante
704 858 880 894 Christum
911 872 969 895 na-

207 924 285 949 tum
315 913 501 962 gentibus,
539 909 730 959 insignium
763 909 905 946 istorum
932 923 971 945 o-

209 964 315 1012 rigo;
345 974 389 998 an
416 961 571 997 moribus
599 961 705 1008 longe
743 959 972 1007 posteriorum

210 1024 433 1062 temporum,
469 1015 503 1047 &
528 1010 687 1047 Saeculis¹
714 1009 792 1059 ipsis
822 1011 971 1047 barbari-

215 1065 287 1100 cis:
318 1075 420 1111 quam
451 1060 719 1097 controverfiam
755 1060 971 1107 potiffimiim

215 1113 392 1150 vei-sarunt
412 1112 587 1148 Henricus
611 1111 834 1157 Spelmannus
858 1112 894 1147 in
917 1111 974 1147 sua

214 1163 423 1212 Aspilogia,
459 1166 492 1196 &
522 1159 763 1197 Menestrerius
791 1163 836 1196 V.
864 1161 926 1198 C1.
956 1176 974 1198 e

214 1213 388 1250 societate
414 1211 490 1256 Jesu
509 1235 520 1252 ‚
558 1225 600 1247 ex
628 1210 721 1247 hisce
748 1211 867 1248 studiis
894 1212 975 1249 satis

214 1263 388 1301 celebris.
428 1261 530 1309 Quid
571 1275 636 1310 ego
676 1261 756 1297 heic
799 1262 975 1307 sentiam,

213 1312 463 1351 tantummodo
490 1315 631 1347 innuam
650 1337 660 1347 .
700 1313 812 1348 Nulla
837 1313 975 1349 dubita-

218 1368 272 1401 tio
292 1363 359 1403 est,
379 1362 467 1411 quin
488 1361 630 1397 Graecis
652 1374 690 1397 ac
712 1363 882 1399 Romanis
906 1363 976 1399 fue-

218 1415 291 1452 rint
319 1413 481 1458 Instsgnim
517 1411 556 1447 in
583 1412 738 1447 Vexillis
776 1414 977 1462 praesertim—

216 1476 256 1500 ac
284 1463 397 1499 Scutis
435 1461 616 1508 usurpata.
654 1464 744 1498 Sunt
780 1463 887 1498 etiam
920 1478 977 1499 ve-

217 1525 331 1550 terum
364 1514 547 1547 Poetarum
579 1513 679 1556 loca,
708 1525 727 1547 e
753 1513 879 1561 quibus
907 1514 977 1548 col-

216 1564 284 1613 ligi
321 1563 412 1612 poffe
440 1562 600 1606 videtur,
638 1561 757 1598 eadem
794 1577 837 1600 ex
874 1567 978 1612 patri-

211 1617 280 1651 -bus
316 1614 358 1650 ad
394 1611 516 1657 filios,
549 1624 594 1648 ex
632 1610 718 1648 filiis
755 1614 796 1649 ad
835 1623 978 1661 nepotes

214 1665 314 1702 fuisse
353 1665 545 1699 translata.
582 1665 705 1711 Itaque
742 1677 813 1700 non
849 1665 979 1713 injuria

216 1715 451 1753 existimatum
488 1713 534 1750 est
571 1726 589 1748 a
622 1713 770 1757 multis,
801 1718 980 1760 gentilitia

214 1766 413 1803 nostrorum
449 1773 648 1812 temporum
676 1766 819 1810 Infignia
848 1780 891 1802 ex
924 1779 981 1802 an·

216 1815 421 1864 tiquiffimis
459 1814 613 1850 Saeculis
652 1828 712 1863 per
742 1815 979 1853 imitationem

220 1867 378 1904 fluxisse.
400 1866 568 1901 Attamen
586 1865 678 1911 quod
696 1865 738 1902 de
755 1870 983 1912 Cognominum

218 1917 357 1968 origine
391 1915 469 1952 dixi
505 1915 545 1951 in
583 1915 833 1954 Differtatione
866 1920 983 1954 XLII.

217 1969 302 2005 heic
329 1967 456 2004 itidem
482 1965 707 2014 repetendum
735 1977 846 2016 puto:
877 1968 984 2004 nimi-

218 2032 300 2054 ‘rum
336 2017 434 2053 fuifl'e
469 2017 613 2064 quidem
649 2017 805 2066 antiquis
842 2019 983 2056 Latinis

223 2067 449 2117 Cognomina
471 2071 502 2100 &
523 2068 750 2114 Agnomina,
777 2069 903 2117 quibus
929 2070 983 2105 in-

223 2128 279 2155 ter
305 2116 338 2152 se
364 2130 432 2151 una
459 2116 611 2152 Familia
646 2119 689 2153 ab
716 2120 846 2160 altera,
883 2121 916 2156 &
945 2134 982 2155 u-

223 2182 268 2216 na
296 2165 448 2216 ejusdem
476 2166 643 2201 Familiae
680 2167 773 2204 linea
802 2171 844 2205 ab
876 2172 985 2206 altera

223 2218 508 2265 distingueretur.
549 2215 682 2252 Nihilo
709 2226 828 2254 tamen
854 2220 985 2258 secius.

221 2278 265 2306 ut
306 2267 487 2307 vidimus.
526 2265 752 2315 Cognomina
788 2282 881 2306 nunc
925 2269 986 2305 usi-

220 2328 321 2359 tata,
359 2316 431 2367 post
459 2318 606 2352 Annum
634 2317 807 2355 duntaxat
834 2334 853 2356 a
878 2320 986 2357 Chri-

223 2370 273 2406 sto
310 2377 393 2405 nato
421 2366 657 2403 Millefimum
683 2378 808 2417 coepta
845 2371 924 2407 sunt
950 2385 985 2407 u-

225 2420 379 2467 surpari.
407 2420 461 2454 Ita
489 2417 527 2454 ἃ
554 2418 596 2454 de
622 2419 818 2466 gentilitiis
843 2421 987 2470 insigni-

224 2472 286 2508 bus
304 2469 486 2507 dicendum
501 2482 597 2505 reor.
622 2471 720 2507 Haec
735 2472 829 2507 enim
843 2497 852 2512 ,
868 2485 986 2521 quam-

220 2522 276 2558 vis
313 2521 402 2570 apud
429 2529 562 2556 veteres
593 2520 744 2558 Latinos
773 2527 803 2557 ὅ(
834 2525 986 2559 Graecos

219 2585 291 2610 non
317 2572 412 2610 levia
437 2573 581 2609 illorum
606 2572 751 2622 vestigia
777 2583 987 2619 occurrant,

1057 235 1617 281 UAGESIMATERTJA.
1702 246 1782 287 ¹70

1005 306 1034 336 A
1077 297 1138 333 ubi
1166 304 1308 337 tamen,
1335 290 1454 339 qualia
1481 302 1574 325 nunc
1601 288 1702 332 sunt,
1730 288 1838 325 confi-

1077 347 1240 382 derentur
1256 371 1266 386 ,
1293 342 1378 378 idest
1405 350 1501 377 certo
1527 340 1687 377 colorum
1715 351 1755 374 ae
1782 349 1838 385 ty-

1078 409 1202 446 porum
1231 394 1329 442 figno
1353 400 1502 435 ornata,
1529 403 1638 438 eaque
1665 389 1840 426 heredita-

1077 448 1152 490 ria,
1179 444 1216 482 ἃ
1246 446 1286 481 in
1312 442 1471 493 sigillis,
1502 440 1688 486 Nummis,
1718 441 1842 476 Vexil-

1077 498 1145 537 lis,
1179 494 1358 535 mauris,
1394 492 1543 540 aliisque
1580 492 1669 529 locis
1705 491 1747 527 ad
1781 493 1843 527 Fa-

1080 549 1261 585 miliarum
1304 545 1493 582 discrimen
1533 542 1725 582 adhibita,
1767 550 1845 578 tan-

1079 598 1265 637 tummodo
1304 596 1378 646 post
1421 595 1584 632 Secutum
1626 592 1842 634 Decimum,

1079 652 1192 687 immo
1221 654 1254 684 δι
1282 647 1355 696 post
1382 645 1617 683 Undecimum
1639 672 1650 689 ‚
1679 657 1719 680 ac
1747 656 1843 692 prae-

1080 702 1183 751 cipue
1221 700 1293 748 post
1331 698 1520 744 susceptam
1565 710 1584 732 a
1620 694 1758 733 Latinis
1797 693 1847 731 sa-

1029 782 1037 786 .
1081 765 1174 788 cram
1196 750 1458 799 expeditionem
1484 748 1520 784 in
1541 746 1725 783 Orientem
1740 772 1750 789 ‚
1775 744 1851 783 sen-

1082 803 1141 838 fim
1182 801 1367 839 invaluisse
1395 799 1583 836 videntur.
1625 799 1743 843 Quam
1775 795 1848 832 sen-

1083 853 1230 889 tentiam
1259 866 1302 888 ex
1331 850 1432 887 Italis
1459 849 1594 885 Marius
1624 847 1846 895 Aequicola,

1084 904 1370 940 Machiavellus,
1408 905 1439 935 &
1476 899 1569 940 alii.
1607 907 1684 934 tum
1725 899 1848 934 Petrus

1086 955 1275 998 Pithoeus,
1307 951 1491 1000 Philippus
1523 949 1723 991 Morellus,
1752 950 1849 983 Sam-

1085 1005 1262 1041 marthani
1282 1030 1291 1044 ,
1329 1002 1523 1039 Fauchetus
1544 1026 1553 1039 ,
1591 999 1818 1047 Spelmannus
1838 1024 1850 1042 ‚

1085 1059 1233 1100 Joannes
1276 1054 1423 1098 Jacobus
1464 1048 1656 1087 Ghifletius
1679 1075 1690 1092 ‚
1727 1049 1849 1083 Mene-

1087 1106 1221 1142 strerius
1239 1134 1248 1151 ‚
1275 1102 1476 1140 Fureterius
1493 1127 1501 1140 ,
1532 1113 1569 1136 ac
1600 1099 1663 1135 alii
1692 1097 1849 1146 Scripto-

1087 1171 1141 1193 res
1169 1158 1234 1204 jam
1261 1156 1389 1192 dudum
1417 1153 1628 1201 probarunt.
1653 1151 1759 1185 Certe
1786 1161 1847 1184 an-

1087 1217 1122 1244 te
1151 1208 1313 1243 seculum
1343 1207 1404 1241 XI.
1439 1203 1579 1239 nullum
1615 1199 1848 1246 synchronum

1089 1258 1307 1301 Auaorem,
1335 1256 1472 1292 nullum
1503 1260 1765 1288 monumentum
1793 1249 1852 1285 ad-

1089 1309 1171 1345 ferri
1198 1308 1327 1351 video,
1355 1319 1426 1353 quo
1457 1301 1628 1351 ejusmodi
1659 1300 1850 1349 peculiares

1090 1359 1319 1395 Familiarum
1348 1356 1487 1392 tefl'erae
1514 1353 1552 1388 in
1589 1351 1651 1387 usu
1686 1350 1784 1386 fuiffe
1810 1363 1851 1386 o-

1091 1409 1309 1446 stendantur.
1345 1409 1431 1444 Non
1460 1402 1606 1452 Signia,
1638 1414 1707 1436 non
1738 1402 1853 1437 Num-

1091 1473 1190 1502 mos,
1218 1472 1289 1494 non
1316 1457 1505 1505 Sepulcr23
1536 1452 1630 1488 nihil
1655 1451 1748 1487 enim
1777 1463 1852 1486 mo-

1091 1522 1150 1545 ror
1183 1506 1357 1543 fabulosas
1392 1502 1585 1540 recentium
1621 1502 1851 1548 quorumdam

1092 1559 1312 1607 Scriptorum
1340 1554 1577 1596 narrationes,
1603 1551 1687 1586 dum
1712 1550 1781 1586 fine
1804 1558 1854 1587 ta—

1094 1609 1187 1646 bulis
1213 1606 1376 1645 vetustati
1402 1604 1563 1640 tribuunt
1591 1602 1731 1638 suorum
1765 1610 1855 1637 tem-

1094 1673 1217 1710 porum
1246 1672 1379 1694 mores.
1405 1654 1582 1701 Exemplo
1609 1652 1696 1690 sint,
1723 1651 1784 1700 qui
1812 1652 1854 1687 ab

1094 1709 1346 1758 antiquiffimis
1365 1710 1580 1743 Francorum
1602 1703 1756 1752 Regibus
1779 1711 1856 1738 tan-

1094 1774 1199 1810 quam
1228 1760 1364 1809 Insigne
1394 1758 1530 1794 avitum
1562 1754 1663 1792 Lilia
1698 1753 1857 1796 usurpata

1095 1812 1259 1855 tradunt,
1284 1822 1395 1857 quum
1417 1818 1559 1846 tamen,
1585 1814 1624 1841 ut
1649 1804 1741 1840 idem
1764 1802 1856 1839 Chi-

1096 1863 1212 1899 fletius
1233 1875 1272 1897 ac
1292 1860 1356 1897 alii
1382 1859 1538 1897 evicere,
1565 1857 1668 1904 longe
1690 1853 1760 1903 post
1781 1856 1858 1890 Sae-

1096 1915 1214 1949 culum
1237 1914 1300 1947 XI.
1322 1909 1490 1946 Francica
1510 1907 1609 1945 Lilia
1634 1904 1857 1941 emerserint.

1097 1967 1223 2012 Neque
1251 1961 1355 1998 aliter
1382 1959 1525 1995 suadent
1549 1960 1760 1993 Francorum
1790 1957 1855 1990 Re-

1097 2027 1179 2063 gum
1218 2010 1369 2050 Nummi
1405 2023 1425 2047 a
1461 2010 1593 2046 Blanco
1631 2006 1776 2043 colleRi
1806 2014 1856 2041 at-

1097 2078 1165 2113 que
1192 2063 1376 2111 evulgati.

1149 2115 1290 2151 Lubens
1328 2121 1441 2149 autem
1478 2111 1546 2156 do,
1573 2110 1629 2145 vel
1668 2109 1728 2144 sub
1767 2109 1857 2144 Lan-

1098 2165 1281 2214 gobarffis,
1315 2162 1480 2201 Francis.
1517 2175 1555 2198 ac
1585 2162 1765 2197 Germanis
1799 2170 1859 2194 an-

1098 2215 1209 2264 tiquis
1237 2215 1346 2264 Regia
1367 2213 1512 2250 Vexilla
1539 2212 1633 2261 signo
1660 2213 1777 2257 aliquo
1804 2208 1860 2244 de-

1099 2275 1217 2303 corata
1244 2266 1364 2305 fuisse,
1392 2278 1463 2310 quo
1491 2277 1509 2298 a
1536 2262 1681 2310 reliquis
1710 2258 1859 2296 exteris,

1100 2322 1130 2352 ὅ(
1167 2317 1260 2354 inter
1299 2316 1332 2353 se
1368 2314 1528 2351 distinc'ia
1567 2311 1856 2362 agnoscerentur.

1100 2368 1185 2404 Fuit
1221 2368 1252 2404 is
1288 2381 1363 2403 mos
1400 2370 1430 2401 &
1470 2364 1625 2412 antiquis
1666 2360 1857 2400 Romanis,

1101 2418 1156 2455 uti
1182 2418 1407 2456 numismata,
1444 2415 1602 2462 Lipsius,
1639 2414 1767 2450 aliique
1796 2408 1855 2442 do-

1100 2478 1203 2505 cent.
1240 2470 1303 2505 Sed
1341 2467 1377 2505 &
1419 2469 1537 2502 Petrus
1576 2468 1746 2499 Dur-71<
1785 2459 1852 2493 Lib.

1100 2533 1134 2566 4-
1162 2519 1250 2567 Cap.
1281 2532 1338 2567 39.
1377 2516 1547 2553 chronic}
1589 2516 1605 2547 τ(
1626 2512 1759 2545 :sinc-'th
1793 2520 1841 2544 tra

1100 2570 1178 2615 dit,
1215 2574 1324 2608 Anno
1351 2569 1487 2605 Mssxt.
1516 2563 1699 2598 occvzffie
1737 2562 1859 2596 Haris-

1763 2626 1808 2647 -co
